{
  "id": "gen9randombattle-2604497673",
  "format": "[Gen 9] Random Battle",
  "players": [
    "eyy can you don't",
    "ThirdRequiem"
  ],
  "log": "|j|\u2606eyy can you don't\n|j|\u2606ThirdRequiem\n|t:|1778208204\n|gametype|singles\n|player|p1|eyy can you don't|backpacker|2013\n|player|p2|ThirdRequiem|buck|1982\n|gen|9\n|tier|[Gen 9] Random Battle\n|rated|\n|rule|Species Clause: Limit one of each Pok\u00e9mon\n|rule|HP Percentage Mod: HP is shown in percentages\n|rule|Sleep Clause Mod: Limit one foe put to sleep\n|rule|Illusion Level Mod: Illusion disguises the Pok\u00e9mon's true level\n|\n|t:|1778208204\n|teamsize|p1|6\n|teamsize|p2|6\n|start\n|switch|p1a: Weavile|Weavile, L79, M|239/239\n|switch|p2a: Rabsca|Rabsca, L91, F|284/284\n|turn|1\n|\n|t:|1778208216\n|move|p1a: Weavile|Knock Off|p2a: Rabsca\n|-supereffective|p2a: Rabsca\n|-damage|p2a: Rabsca|0 fnt\n|-enditem|p2a: Rabsca|Heavy-Duty Boots|[from] move: Knock Off|[of] p1a: Weavile\n|faint|p2a: Rabsca\n|\n|upkeep\n|\n|t:|1778208220\n|switch|p2a: Dedenne|Dedenne, L88, M|261/261\n|turn|2\n|\n|t:|1778208261\n|switch|p1a: Raikou|Raikou, L81|278/278\n|-ability|p1a: Raikou|Pressure\n|move|p2a: Dedenne|Dazzling Gleam|p1a: Raikou\n|-damage|p1a: Raikou|199/278\n|\n|-heal|p1a: Raikou|216/278|[from] item: Leftovers\n|upkeep\n|turn|3\n|\n|t:|1778208265\n|move|p1a: Raikou|Calm Mind|p1a: Raikou\n|-boost|p1a: Raikou|spa|1\n|-boost|p1a: Raikou|spd|1\n|move|p2a: Dedenne|U-turn|p1a: Raikou\n|-damage|p1a: Raikou|174/278\n|\n|t:|1778208275\n|switch|p2a: Dodrio|Dodrio, L85, F|241/241|[from] U-turn\n|\n|-heal|p1a: Raikou|191/278|[from] item: Leftovers\n|upkeep\n|turn|4\n|\n|t:|1778208285\n|switch|p1a: Chandelure|Chandelure, L83, M|235/235\n|move|p2a: Dodrio|Drill Run|p1a: Chandelure\n|-supereffective|p1a: Chandelure\n|-damage|p1a: Chandelure|111/235\n|\n|upkeep\n|turn|5\n|\n|t:|1778208300\n|switch|p1a: Volbeat|Volbeat, L90, M|263/263\n|move|p2a: Dodrio|Knock Off|p1a: Volbeat\n|-damage|p1a: Volbeat|173/263\n|-enditem|p1a: Volbeat|Heavy-Duty Boots|[from] move: Knock Off|[of] p2a: Dodrio\n|\n|upkeep\n|turn|6\n|\n|t:|1778208304\n|switch|p2a: Dedenne|Dedenne, L88, M|261/261\n|move|p1a: Volbeat|Encore||[still]\n|-fail|p1a: Volbeat\n|\n|upkeep\n|turn|7\n|\n|t:|1778208316\n|move|p1a: Volbeat|Roost|p1a: Volbeat\n|-heal|p1a: Volbeat|263/263\n|-singleturn|p1a: Volbeat|move: Roost\n|move|p2a: Dedenne|Thunderbolt|p1a: Volbeat\n|-crit|p1a: Volbeat\n|-damage|p1a: Volbeat|118/263\n|\n|upkeep\n|turn|8\n|\n|t:|1778208328\n|move|p1a: Volbeat|Roost|p1a: Volbeat\n|-heal|p1a: Volbeat|250/263\n|-singleturn|p1a: Volbeat|move: Roost\n|move|p2a: Dedenne|U-turn|p1a: Volbeat\n|-damage|p1a: Volbeat|210/263\n|\n|t:|1778208329\n|switch|p2a: Blaziken|Blaziken, L76, M|247/247|[from] U-turn\n|\n|upkeep\n|turn|9\n|\n|t:|1778208338\n|-terastallize|p2a: Blaziken|Dark\n|move|p1a: Volbeat|Thunder Wave|p2a: Blaziken\n|-hint|Since gen 7, Dark is immune to Prankster moves.\n|-immune|p2a: Blaziken\n|move|p2a: Blaziken|Swords Dance|p2a: Blaziken\n|-boost|p2a: Blaziken|atk|2\n|\n|-ability|p2a: Blaziken|Speed Boost|boost\n|-boost|p2a: Blaziken|spe|1\n|upkeep\n|turn|10\n|\n|t:|1778208348\n|switch|p1a: Chandelure|Chandelure, L83, M|111/235\n|move|p2a: Blaziken|Flare Blitz|p1a: Chandelure\n|-start|p1a: Chandelure|ability: Flash Fire\n|\n|-ability|p2a: Blaziken|Speed Boost|boost\n|-boost|p2a: Blaziken|spe|1\n|upkeep\n|turn|11\n|\n|t:|1778208356\n|move|p2a: Blaziken|Knock Off|p1a: Chandelure\n|-supereffective|p1a: Chandelure\n|-damage|p1a: Chandelure|0 fnt\n|-enditem|p1a: Chandelure|Heavy-Duty Boots|[from] move: Knock Off|[of] p2a: Blaziken\n|faint|p1a: Chandelure\n|-damage|p2a: Blaziken|223/247|[from] item: Life Orb\n|\n|-ability|p2a: Blaziken|Speed Boost|boost\n|-boost|p2a: Blaziken|spe|1\n|upkeep\n|\n|t:|1778208394\n|switch|p1a: Volbeat|Volbeat, L90, M|210/263\n|turn|12\n|\n|t:|1778208398\n|-terastallize|p1a: Volbeat|Water\n|move|p2a: Blaziken|Flare Blitz|p1a: Volbeat\n|-resisted|p1a: Volbeat\n|-damage|p1a: Volbeat|33/263\n|-damage|p2a: Blaziken|165/247|[from] Recoil\n|-damage|p2a: Blaziken|141/247|[from] item: Life Orb\n|move|p1a: Volbeat|U-turn|p2a: Blaziken\n|-supereffective|p2a: Blaziken\n|-crit|p2a: Blaziken\n|-damage|p2a: Blaziken|0 fnt\n|faint|p2a: Blaziken\n|\n|t:|1778208407\n|switch|p1a: Weavile|Weavile, L79, M|239/239|[from] U-turn\n|\n|upkeep\n|\n|t:|1778208411\n|switch|p2a: Dedenne|Dedenne, L88, M|261/261\n|turn|13\n|\n|t:|1778208422\n|move|p1a: Weavile|Triple Axel|p2a: Dedenne\n|-crit|p2a: Dedenne\n|-damage|p2a: Dedenne|191/261\n|-damage|p2a: Dedenne|110/261\n|-enditem|p2a: Dedenne|Sitrus Berry|[eat]\n|-heal|p2a: Dedenne|175/261|[from] item: Sitrus Berry\n|-heal|p2a: Dedenne|261/261|[from] ability: Cheek Pouch\n|-damage|p2a: Dedenne|122/261\n|-hitcount|p2a: Dedenne|3\n|move|p2a: Dedenne|Dazzling Gleam|p1a: Weavile\n|-supereffective|p1a: Weavile\n|-damage|p1a: Weavile|63/239\n|\n|upkeep\n|turn|14\n|\n|t:|1778208431\n|move|p1a: Weavile|Triple Axel|p2a: Dedenne\n|-damage|p2a: Dedenne|82/261\n|-damage|p2a: Dedenne|0 fnt\n|faint|p2a: Dedenne\n|-hitcount|p2: Dedenne|2\n|\n|upkeep\n|\n|t:|1778208440\n|switch|p2a: Dodrio|Dodrio, L85, F|241/241\n|turn|15\n|\n|t:|1778208446\n|move|p1a: Weavile|Triple Axel|p2a: Dodrio\n|-supereffective|p2a: Dodrio\n|-damage|p2a: Dodrio|161/241\n|-supereffective|p2a: Dodrio\n|-damage|p2a: Dodrio|15/241\n|-supereffective|p2a: Dodrio\n|-damage|p2a: Dodrio|0 fnt\n|faint|p2a: Dodrio\n|-hitcount|p2: Dodrio|3\n|\n|upkeep\n|\n|t:|1778208450\n|switch|p2a: Tropius|Tropius, L91, F|328/328\n|turn|16\n|\n|t:|1778208453\n|move|p1a: Weavile|Triple Axel|p2a: Tropius\n|-supereffective|p2a: Tropius\n|-damage|p2a: Tropius|204/328\n|-supereffective|p2a: Tropius\n|-damage|p2a: Tropius|0 fnt\n|faint|p2a: Tropius\n|-hitcount|p2: Tropius|2\n|\n|upkeep\n|\n|t:|1778208456\n|switch|p2a: Uxie|Uxie, L83|260/260\n|turn|17\n|\n|t:|1778208461\n|move|p1a: Weavile|Triple Axel|p2a: Uxie\n|-damage|p2a: Uxie|235/260\n|-damage|p2a: Uxie|187/260\n|-damage|p2a: Uxie|118/260\n|-hitcount|p2a: Uxie|3\n|move|p2a: Uxie|Thunder Wave|p1a: Weavile|[miss]\n|-miss|p2a: Uxie|p1a: Weavile\n|\n|-heal|p2a: Uxie|134/260|[from] item: Leftovers\n|upkeep\n|turn|18\n|-message|ThirdRequiem forfeited.\n|\n|win|eyy can you don't\n|raw|eyy can you don&apos;t's rating: 2013 &rarr; <strong>2031</strong><br />(+18 for winning)\n|raw|ThirdRequiem's rating: 1982 &rarr; <strong>1964</strong><br />(-18 for losing)\n|l|\u2606ThirdRequiem\n|player|p2|\n",
  "inputlog": ">version d3c0b4cf388ee6ae107ccf7216674edd176762ce\n>start {\"formatid\":\"gen9randombattle\",\"seed\":\"sodium,ff33ac89694ebedbaea32d4e5721293e\",\"rated\":\"Rated battle\"}\n>player p1 {\"name\":\"eyy can you don't\",\"avatar\":\"backpacker\",\"rating\":2013,\"seed\":\"sodium,b0cd55f50d387e57a7e2901508714a5d\"}\n>player p2 {\"name\":\"ThirdRequiem\",\"avatar\":\"buck\",\"rating\":1982,\"seed\":\"sodium,7db1cdb878b9c9728dbc6114c9e0277c\"}\n>p1 move knockoff\n>p2 move bugbuzz\n>p2 switch 2\n>p1 switch 3\n>p2 move dazzlinggleam\n>p1 move calmmind\n>p2 move uturn\n>p2 switch 3\n>p1 switch 5\n>p2 move drillrun\n>p1 switch 6\n>p2 move knockoff\n>p1 move encore\n>p2 switch 3\n>p1 move roost\n>p2 move thunderbolt\n>p1 move roost\n>p2 move uturn\n>p2 switch 4\n>p1 move thunderwave\n>p2 move swordsdance terastallize\n>p1 switch 6\n>p2 move flareblitz\n>p1 move willowisp\n>p2 move knockoff\n>p1 switch 6\n>p1 move uturn terastallize\n>p2 move flareblitz\n>p1 switch 3\n>p2 switch 4\n>p1 move tripleaxel\n>p2 move dazzlinggleam\n>p1 move tripleaxel\n>p2 move dazzlinggleam\n>p2 switch 3\n>p1 move tripleaxel\n>p2 move bravebird\n>p2 switch 5\n>p1 move tripleaxel\n>p2 move airslash\n>p2 switch 6\n>p1 move tripleaxel\n>p2 move thunderwave\n>forcelose p2",
  "uploadtime": 1778208466,
  "views": 1,
  "formatid": "gen9randombattle",
  "rating": 1964,
  "private": 0,
  "password": null
}