{
  "id": "gen9randombattle-2604522281",
  "format": "[Gen 9] Random Battle",
  "players": [
    "AssaultLei",
    "Kripos"
  ],
  "log": "|j|\u2606AssaultLei\n|j|\u2606Kripos\n|t:|1778211143\n|gametype|singles\n|player|p1|AssaultLei|unknown|2086\n|player|p2|Kripos|benga|2045\n|gen|9\n|tier|[Gen 9] Random Battle\n|rated|\n|rule|Species Clause: Limit one of each Pok\u00e9mon\n|rule|HP Percentage Mod: HP is shown in percentages\n|rule|Sleep Clause Mod: Limit one foe put to sleep\n|rule|Illusion Level Mod: Illusion disguises the Pok\u00e9mon's true level\n|\n|t:|1778211144\n|teamsize|p1|6\n|teamsize|p2|6\n|start\n|switch|p1a: Crabominable|Crabominable, L90, M|321/321\n|switch|p2a: Torterra|Torterra, L78, M|276/276\n|turn|1\n|inactive|Battle timer is ON: inactive players will automatically lose when time's up. (requested by Kripos)\n|\n|t:|1778211157\n|switch|p2a: Granbull|Granbull, L88, M|302/302\n|-ability|p2a: Granbull|Intimidate|boost\n|-unboost|p1a: Crabominable|atk|1\n|move|p1a: Crabominable|Drain Punch|p2a: Granbull\n|-resisted|p2a: Granbull\n|-crit|p2a: Granbull\n|-damage|p2a: Granbull|120/302\n|\n|-heal|p2a: Granbull|138/302|[from] item: Leftovers\n|upkeep\n|turn|2\n|\n|t:|1778211182\n|switch|p1a: Palafin|Palafin, L77, M|281/281\n|move|p2a: Granbull|Play Rough|p1a: Palafin\n|-damage|p1a: Palafin|119/281\n|\n|-heal|p2a: Granbull|156/302|[from] item: Leftovers\n|upkeep\n|turn|3\n|\n|t:|1778211193\n|detailschange|p1a: Palafin|Palafin-Hero, L77, M\n|switch|p1a: Klefki|Klefki, L84, M|233/233\n|move|p2a: Granbull|Thunder Wave|p1a: Klefki\n|-status|p1a: Klefki|par\n|\n|-heal|p2a: Granbull|174/302|[from] item: Leftovers\n|upkeep\n|turn|4\n|inactive|AssaultLei has 120 seconds left.\n|\n|t:|1778211210\n|switch|p1a: Palafin|Palafin-Hero, L77, M|119/281\n|-activate|p1a: Palafin|ability: Zero to Hero\n|move|p2a: Granbull|Earthquake|p1a: Palafin\n|-damage|p1a: Palafin|31/281\n|\n|-heal|p2a: Granbull|192/302|[from] item: Leftovers\n|upkeep\n|turn|5\n|inactive|AssaultLei has 120 seconds left.\n|\n|t:|1778211222\n|move|p1a: Palafin|Wave Crash|p2a: Granbull\n|-damage|p2a: Granbull|0 fnt\n|faint|p2a: Granbull\n|-damage|p1a: Palafin|0 fnt|[from] Recoil\n|faint|p1a: Palafin\n|\n|upkeep\n|inactive|AssaultLei has 120 seconds left.\n|\n|t:|1778211230\n|switch|p1a: Crabominable|Crabominable, L90, M|321/321\n|switch|p2a: Gothitelle|Gothitelle, L90, M|272/272\n|turn|6\n|inactive|AssaultLei has 120 seconds left.\n|\n|t:|1778211243\n|move|p2a: Gothitelle|Psychic Noise|p1a: Crabominable\n|-supereffective|p1a: Crabominable\n|-damage|p1a: Crabominable|115/321\n|-start|p1a: Crabominable|move: Heal Block\n|move|p1a: Crabominable|Knock Off|p2a: Gothitelle\n|-supereffective|p2a: Gothitelle\n|-damage|p2a: Gothitelle|6/272\n|-enditem|p2a: Gothitelle|Leftovers|[from] move: Knock Off|[of] p1a: Crabominable\n|\n|upkeep\n|turn|7\n|inactive|AssaultLei has 120 seconds left.\n|\n|t:|1778211254\n|move|p2a: Gothitelle|Psychic Noise|p1a: Crabominable\n|-supereffective|p1a: Crabominable\n|-damage|p1a: Crabominable|0 fnt\n|faint|p1a: Crabominable\n|\n|upkeep\n|inactive|AssaultLei has 120 seconds left.\n|\n|t:|1778211263\n|switch|p1a: Klefki|Klefki, L84, M|233/233 par\n|turn|8\n|\n|t:|1778211273\n|move|p2a: Gothitelle|Psychic Noise|p1a: Klefki\n|-resisted|p1a: Klefki\n|-damage|p1a: Klefki|183/233 par\n|-start|p1a: Klefki|move: Heal Block\n|move|p1a: Klefki|Foul Play|p2a: Gothitelle\n|-supereffective|p2a: Gothitelle\n|-damage|p2a: Gothitelle|0 fnt\n|faint|p2a: Gothitelle\n|\n|upkeep\n|\n|t:|1778211281\n|switch|p2a: Arcanine|Arcanine-Hisui, L79, M|280/280\n|turn|9\n|\n|t:|1778211296\n|move|p1a: Klefki|Thunder Wave|p2a: Arcanine\n|-status|p2a: Arcanine|par\n|move|p2a: Arcanine|Flare Blitz|p1a: Klefki\n|-supereffective|p1a: Klefki\n|-damage|p1a: Klefki|0 fnt\n|faint|p1a: Klefki\n|\n|upkeep\n|inactive|AssaultLei has 120 seconds left.\n|\n|t:|1778211307\n|switch|p1a: Eiscue|Eiscue, L88, F|274/274\n|turn|10\n|\n|t:|1778211321\n|move|p1a: Eiscue|Belly Drum|p1a: Eiscue\n|-damage|p1a: Eiscue|137/274\n|-setboost|p1a: Eiscue|atk|6|[from] move: Belly Drum\n|-enditem|p1a: Eiscue|Sitrus Berry|[eat]\n|-heal|p1a: Eiscue|205/274|[from] item: Sitrus Berry\n|move|p2a: Arcanine|Head Smash|p1a: Eiscue\n|-activate|p1a: Eiscue|ability: Ice Face\n|-damage|p1a: Eiscue|205/274\n|detailschange|p1a: Eiscue|Eiscue-Noice, L88, F\n|\n|upkeep\n|turn|11\n|\n|t:|1778211333\n|-terastallize|p2a: Arcanine|Grass\n|move|p1a: Eiscue|Liquidation|p2a: Arcanine\n|-resisted|p2a: Arcanine\n|-damage|p2a: Arcanine|161/280 par\n|-unboost|p2a: Arcanine|def|1\n|cant|p2a: Arcanine|par\n|\n|upkeep\n|turn|12\n|\n|t:|1778211342\n|move|p2a: Arcanine|Extreme Speed|p1a: Eiscue\n|-damage|p1a: Eiscue|137/274\n|move|p1a: Eiscue|Ice Spinner|p2a: Arcanine\n|-supereffective|p2a: Arcanine\n|-damage|p2a: Arcanine|0 fnt\n|faint|p2a: Arcanine\n|\n|upkeep\n|\n|t:|1778211347\n|switch|p2a: Magearna|Magearna-Original, L77|250/250\n|turn|13\n|\n|t:|1778211352\n|-terastallize|p1a: Eiscue|Water\n|move|p1a: Eiscue|Liquidation|p2a: Magearna\n|-damage|p2a: Magearna|0 fnt\n|faint|p2a: Magearna\n|\n|upkeep\n|\n|t:|1778211357\n|switch|p2a: Torterra|Torterra, L78, M|276/276\n|turn|14\n|\n|t:|1778211361\n|move|p1a: Eiscue|Ice Spinner|p2a: Torterra\n|-supereffective|p2a: Torterra\n|-damage|p2a: Torterra|0 fnt\n|faint|p2a: Torterra\n|\n|upkeep\n|\n|t:|1778211363\n|switch|p2a: Drednaw|Drednaw, L81, M|278/278\n|turn|15\n|\n|t:|1778211371\n|move|p1a: Eiscue|Liquidation|p2a: Drednaw\n|-damage|p2a: Drednaw|0 fnt\n|faint|p2a: Drednaw\n|\n|win|AssaultLei\n|raw|AssaultLei's rating: 2086 &rarr; <strong>2104</strong><br />(+18 for winning)\n|raw|Kripos's rating: 2045 &rarr; <strong>2027</strong><br />(-18 for losing)\n",
  "inputlog": ">version d3c0b4cf388ee6ae107ccf7216674edd176762ce\n>start {\"formatid\":\"gen9randombattle\",\"seed\":\"sodium,47bf1a9a39c34fe610dea5fa10c87c86\",\"rated\":\"Rated battle\"}\n>player p1 {\"name\":\"AssaultLei\",\"avatar\":\"unknown\",\"rating\":2086,\"seed\":\"sodium,560637834ffa831e1332b5adf9f5ae8b\"}\n>player p2 {\"name\":\"Kripos\",\"avatar\":\"benga\",\"rating\":2045,\"seed\":\"sodium,ddf0ce8ec55a73da165665d5f80f915c\"}\n>p1 move drainpunch\n>p2 switch 2\n>p1 switch 6\n>p2 move playrough\n>p1 switch 5\n>p2 move thunderwave\n>p1 switch 5\n>p2 move earthquake\n>p1 move wavecrash\n>p2 move earthquake\n>p1 switch 6\n>p2 switch 4\n>p1 move knockoff\n>p2 move psychicnoise\n>p1 move knockoff\n>p2 move psychicnoise\n>p1 switch 5\n>p1 move foulplay\n>p2 move psychicnoise\n>p2 switch 5\n>p1 move thunderwave\n>p2 move flareblitz\n>p1 switch 2\n>p1 move bellydrum\n>p2 move headsmash\n>p1 move liquidation\n>p2 move flareblitz terastallize\n>p1 move icespinner\n>p2 move extremespeed\n>p2 switch 6\n>p1 move liquidation terastallize\n>p2 move ironhead\n>p2 switch 2\n>p1 move icespinner\n>p2 move bulletseed\n>p2 switch 3\n>p1 move liquidation\n>p2 move shellsmash",
  "uploadtime": 1778211371,
  "views": 2,
  "formatid": "gen9randombattle",
  "rating": 2027,
  "private": 0,
  "password": null
}