{
  "id": "gen9randombattle-2604504766",
  "format": "[Gen 9] Random Battle",
  "players": [
    "KnightsOfNi",
    "Kurumin33"
  ],
  "log": "|j|\u2606KnightsOfNi\n|j|\u2606Kurumin33\n|t:|1778209027\n|gametype|singles\n|player|p1|KnightsOfNi|plasmagrunt-gen5bw|2148\n|player|p2|Kurumin33|169|2145\n|gen|9\n|tier|[Gen 9] Random Battle\n|rated|\n|rule|Species Clause: Limit one of each Pok\u00e9mon\n|rule|HP Percentage Mod: HP is shown in percentages\n|rule|Sleep Clause Mod: Limit one foe put to sleep\n|rule|Illusion Level Mod: Illusion disguises the Pok\u00e9mon's true level\n|\n|t:|1778209027\n|teamsize|p1|6\n|teamsize|p2|6\n|start\n|switch|p1a: Zekrom|Zekrom, L71|259/259\n|switch|p2a: Virizion|Virizion, L82|283/283\n|-ability|p1a: Zekrom|Teravolt\n|turn|1\n|inactive|Battle timer is ON: inactive players will automatically lose when time's up. (requested by KnightsOfNi)\n|\n|t:|1778209039\n|move|p2a: Virizion|Swords Dance|p2a: Virizion\n|-boost|p2a: Virizion|atk|2\n|move|p1a: Zekrom|Dragon Dance|p1a: Zekrom\n|-boost|p1a: Zekrom|atk|1\n|-boost|p1a: Zekrom|spe|1\n|\n|upkeep\n|turn|2\n|\n|t:|1778209041\n|move|p1a: Zekrom|Substitute|p1a: Zekrom\n|-start|p1a: Zekrom|Substitute\n|-damage|p1a: Zekrom|195/259\n|move|p2a: Virizion|Close Combat|p1a: Zekrom\n|-end|p1a: Zekrom|Substitute\n|-unboost|p2a: Virizion|def|1\n|-unboost|p2a: Virizion|spd|1\n|-damage|p2a: Virizion|255/283|[from] item: Life Orb\n|\n|-heal|p1a: Zekrom|211/259|[from] item: Leftovers\n|upkeep\n|turn|3\n|\n|t:|1778209052\n|move|p1a: Zekrom|Outrage|p2a: Virizion\n|-damage|p2a: Virizion|0 fnt\n|faint|p2a: Virizion\n|\n|-heal|p1a: Zekrom|227/259|[from] item: Leftovers\n|upkeep\n|\n|t:|1778209062\n|switch|p2a: Raging Bolt|Raging Bolt, L78|323/323\n|-enditem|p2a: Raging Bolt|Booster Energy\n|-activate|p2a: Raging Bolt|ability: Protosynthesis|[fromitem]\n|-start|p2a: Raging Bolt|protosynthesisspa\n|turn|4\n|\n|t:|1778209067\n|-terastallize|p2a: Raging Bolt|Fairy\n|move|p1a: Zekrom|Outrage|p2a: Raging Bolt|[from] lockedmove\n|-immune|p2a: Raging Bolt\n|move|p2a: Raging Bolt|Dragon Pulse|p1a: Zekrom\n|-supereffective|p1a: Zekrom\n|-damage|p1a: Zekrom|0 fnt\n|faint|p1a: Zekrom\n|\n|upkeep\n|\n|t:|1778209074\n|switch|p1a: Hypno|Hypno, L95, M|315/315\n|turn|5\n|\n|t:|1778209082\n|-end|p2a: Raging Bolt|Protosynthesis|[silent]\n|switch|p2a: Arceus|Arceus-Dark, L71|288/288\n|move|p1a: Hypno|Toxic|p2a: Arceus\n|-status|p2a: Arceus|tox\n|\n|-damage|p2a: Arceus|270/288 tox|[from] psn\n|upkeep\n|turn|6\n|\n|t:|1778209088\n|switch|p1a: Virizion|Virizion, L82|283/283\n|move|p2a: Arceus|Calm Mind|p2a: Arceus\n|-boost|p2a: Arceus|spa|1\n|-boost|p2a: Arceus|spd|1\n|\n|-damage|p2a: Arceus|234/288 tox|[from] psn\n|upkeep\n|turn|7\n|\n|t:|1778209102\n|switch|p2a: Toxicroak|Toxicroak, L84, M|277/277\n|move|p1a: Virizion|Swords Dance|p1a: Virizion\n|-boost|p1a: Virizion|atk|2\n|\n|upkeep\n|turn|8\n|\n|t:|1778209112\n|switch|p1a: Forretress|Forretress, L84, F|263/263\n|move|p2a: Toxicroak|Close Combat|p1a: Forretress\n|-damage|p1a: Forretress|121/263\n|-unboost|p2a: Toxicroak|def|1\n|-unboost|p2a: Toxicroak|spd|1\n|\n|-heal|p1a: Forretress|137/263|[from] item: Leftovers\n|upkeep\n|turn|9\n|\n|t:|1778209119\n|move|p2a: Toxicroak|Close Combat|p1a: Forretress\n|-damage|p1a: Forretress|0 fnt\n|-unboost|p2a: Toxicroak|def|1\n|-unboost|p2a: Toxicroak|spd|1\n|faint|p1a: Forretress\n|\n|upkeep\n|\n|t:|1778209129\n|switch|p1a: Ceruledge|Ceruledge, L78, F|245/245\n|turn|10\n|\n|t:|1778209137\n|switch|p2a: Alomomola|Alomomola, L87, F|429/429\n|move|p1a: Ceruledge|Swords Dance|p1a: Ceruledge\n|-boost|p1a: Ceruledge|atk|2\n|\n|upkeep\n|turn|11\n|\n|t:|1778209145\n|move|p1a: Ceruledge|Poltergeist|p2a: Alomomola|[miss]\n|-miss|p1a: Ceruledge|p2a: Alomomola\n|move|p2a: Alomomola|Scald|p1a: Ceruledge\n|-supereffective|p1a: Ceruledge\n|-damage|p1a: Ceruledge|153/245\n|\n|upkeep\n|turn|12\n|\n|t:|1778209151\n|move|p1a: Ceruledge|Poltergeist|p2a: Alomomola\n|-activate|p2a: Alomomola|move: Poltergeist|Heavy-Duty Boots\n|-damage|p2a: Alomomola|191/429\n|move|p2a: Alomomola|Scald|p1a: Ceruledge\n|-supereffective|p1a: Ceruledge\n|-damage|p1a: Ceruledge|63/245\n|\n|upkeep\n|turn|13\n|\n|t:|1778209163\n|move|p1a: Ceruledge|Poltergeist|p2a: Alomomola\n|-activate|p2a: Alomomola|move: Poltergeist|Heavy-Duty Boots\n|-damage|p2a: Alomomola|0 fnt\n|faint|p2a: Alomomola\n|\n|upkeep\n|\n|t:|1778209166\n|switch|p2a: Arceus|Arceus-Dark, L71|234/288 tox\n|turn|14\n|\n|t:|1778209169\n|switch|p1a: Virizion|Virizion, L82|283/283\n|move|p2a: Arceus|Judgment|p1a: Virizion\n|-resisted|p1a: Virizion\n|-damage|p1a: Virizion|242/283\n|-ability|p1a: Virizion|Justified|boost\n|-boost|p1a: Virizion|atk|1\n|\n|-damage|p2a: Arceus|216/288 tox|[from] psn\n|upkeep\n|turn|15\n|\n|t:|1778209180\n|switch|p2a: Toxicroak|Toxicroak, L84, M|277/277\n|move|p1a: Virizion|Leaf Blade|p2a: Toxicroak\n|-resisted|p2a: Toxicroak\n|-damage|p2a: Toxicroak|182/277\n|-damage|p1a: Virizion|214/283|[from] item: Life Orb\n|\n|upkeep\n|turn|16\n|\n|t:|1778209191\n|move|p1a: Virizion|Close Combat|p2a: Toxicroak\n|-resisted|p2a: Toxicroak\n|-damage|p2a: Toxicroak|52/277\n|-unboost|p1a: Virizion|def|1\n|-unboost|p1a: Virizion|spd|1\n|-damage|p1a: Virizion|186/283|[from] item: Life Orb\n|move|p2a: Toxicroak|Gunk Shot|p1a: Virizion\n|-supereffective|p1a: Virizion\n|-damage|p1a: Virizion|0 fnt\n|faint|p1a: Virizion\n|\n|upkeep\n|\n|t:|1778209214\n|switch|p1a: Arboliva|Arboliva, L91, F|288/288\n|turn|17\n|\n|t:|1778209234\n|switch|p2a: Arceus|Arceus-Dark, L71|216/288 tox\n|-terastallize|p1a: Arboliva|Poison\n|move|p1a: Arboliva|Hyper Voice|p2a: Arceus\n|-damage|p2a: Arceus|90/288 tox\n|\n|-damage|p2a: Arceus|72/288 tox|[from] psn\n|upkeep\n|turn|18\n|\n|t:|1778209245\n|move|p2a: Arceus|Judgment|p1a: Arboliva\n|-damage|p1a: Arboliva|197/288\n|move|p1a: Arboliva|Substitute|p1a: Arboliva\n|-start|p1a: Arboliva|Substitute\n|-damage|p1a: Arboliva|125/288\n|-enditem|p1a: Arboliva|Sitrus Berry|[eat]\n|-heal|p1a: Arboliva|197/288|[from] item: Sitrus Berry\n|\n|-damage|p2a: Arceus|36/288 tox|[from] psn\n|upkeep\n|turn|19\n|\n|t:|1778209249\n|move|p1a: Arboliva|Protect|p1a: Arboliva\n|-singleturn|p1a: Arboliva|Protect\n|move|p2a: Arceus|Recover|p2a: Arceus\n|-heal|p2a: Arceus|180/288 tox\n|\n|-damage|p2a: Arceus|126/288 tox|[from] psn\n|-item|p1a: Arboliva|Sitrus Berry|[from] ability: Harvest\n|upkeep\n|turn|20\n|\n|t:|1778209257\n|move|p2a: Arceus|Judgment|p1a: Arboliva\n|-end|p1a: Arboliva|Substitute\n|move|p1a: Arboliva|Substitute|p1a: Arboliva\n|-start|p1a: Arboliva|Substitute\n|-damage|p1a: Arboliva|125/288\n|-enditem|p1a: Arboliva|Sitrus Berry|[eat]\n|-heal|p1a: Arboliva|197/288|[from] item: Sitrus Berry\n|\n|-damage|p2a: Arceus|54/288 tox|[from] psn\n|upkeep\n|turn|21\n|\n|t:|1778209270\n|move|p1a: Arboliva|Protect|p1a: Arboliva\n|-singleturn|p1a: Arboliva|Protect\n|move|p2a: Arceus|Recover|p2a: Arceus\n|-heal|p2a: Arceus|198/288 tox\n|\n|-damage|p2a: Arceus|108/288 tox|[from] psn\n|-item|p1a: Arboliva|Sitrus Berry|[from] ability: Harvest\n|upkeep\n|turn|22\n|\n|t:|1778209274\n|move|p2a: Arceus|Judgment|p1a: Arboliva\n|-end|p1a: Arboliva|Substitute\n|move|p1a: Arboliva|Substitute|p1a: Arboliva\n|-start|p1a: Arboliva|Substitute\n|-damage|p1a: Arboliva|125/288\n|-enditem|p1a: Arboliva|Sitrus Berry|[eat]\n|-heal|p1a: Arboliva|197/288|[from] item: Sitrus Berry\n|\n|-damage|p2a: Arceus|0 fnt|[from] psn\n|faint|p2a: Arceus\n|-item|p1a: Arboliva|Sitrus Berry|[from] ability: Harvest\n|upkeep\n|\n|t:|1778209284\n|switch|p2a: Raging Bolt|Raging Bolt, L78, tera:Fairy|323/323\n|turn|23\n|\n|t:|1778209289\n|move|p2a: Raging Bolt|Calm Mind|p2a: Raging Bolt\n|-boost|p2a: Raging Bolt|spa|1\n|-boost|p2a: Raging Bolt|spd|1\n|move|p1a: Arboliva|Leech Seed|p2a: Raging Bolt\n|-start|p2a: Raging Bolt|move: Leech Seed\n|\n|-damage|p2a: Raging Bolt|283/323|[from] Leech Seed|[of] p1a: Arboliva\n|-heal|p1a: Arboliva|237/288|[silent]\n|upkeep\n|turn|24\n|\n|t:|1778209297\n|move|p1a: Arboliva|Protect|p1a: Arboliva\n|-singleturn|p1a: Arboliva|Protect\n|move|p2a: Raging Bolt|Calm Mind|p2a: Raging Bolt\n|-boost|p2a: Raging Bolt|spa|1\n|-boost|p2a: Raging Bolt|spd|1\n|\n|-damage|p2a: Raging Bolt|243/323|[from] Leech Seed|[of] p1a: Arboliva\n|-heal|p1a: Arboliva|277/288|[silent]\n|upkeep\n|turn|25\n|\n|t:|1778209303\n|move|p2a: Raging Bolt|Thunderbolt|p1a: Arboliva\n|-end|p1a: Arboliva|Substitute\n|move|p1a: Arboliva|Substitute|p1a: Arboliva\n|-start|p1a: Arboliva|Substitute\n|-damage|p1a: Arboliva|205/288\n|\n|-damage|p2a: Raging Bolt|203/323|[from] Leech Seed|[of] p1a: Arboliva\n|-heal|p1a: Arboliva|245/288|[silent]\n|upkeep\n|turn|26\n|-message|Kurumin33 forfeited.\n|\n|win|KnightsOfNi\n|raw|KnightsOfNi's rating: 2148 &rarr; <strong>2168</strong><br />(+20 for winning)\n|raw|Kurumin33's rating: 2145 &rarr; <strong>2125</strong><br />(-20 for losing)\n",
  "inputlog": ">version d3c0b4cf388ee6ae107ccf7216674edd176762ce\n>start {\"formatid\":\"gen9randombattle\",\"seed\":\"sodium,675ec044e14ae172c5df8894c8a2bdfb\",\"rated\":\"Rated battle\"}\n>player p1 {\"name\":\"KnightsOfNi\",\"avatar\":\"plasmagrunt-gen5bw\",\"rating\":2148,\"seed\":\"sodium,62e75ee8ebc6d51c103265fc8b897ba7\"}\n>player p2 {\"name\":\"Kurumin33\",\"avatar\":\"169\",\"rating\":2145,\"seed\":\"sodium,5232f5b8909472b93da7451ebcab56a3\"}\n>p1 move dragondance\n>p2 move swordsdance\n>p1 move substitute\n>p2 move closecombat\n>p1 move outrage\n>p2 move leafblade\n>p2 switch 4\n>p1 move outrage\n>p2 move dragonpulse terastallize\n>p1 switch 6\n>p1 move toxic\n>p2 switch 5\n>p1 switch 4\n>p2 move calmmind\n>p1 move swordsdance\n>p2 switch 2\n>p1 switch 3\n>p2 move closecombat\n>p1 move stealthrock\n>p2 move closecombat\n>p1 switch 5\n>p1 move swordsdance\n>p2 switch 6\n>p1 move poltergeist\n>p2 move scald\n>p1 move poltergeist\n>p2 move scald\n>p1 move poltergeist\n>p2 move scald\n>p2 switch 2\n>p1 switch 3\n>p2 move judgment\n>p1 move leafblade\n>p2 switch 6\n>p1 move closecombat\n>p2 move gunkshot\n>p1 switch 2\n>p1 move hypervoice terastallize\n>p2 switch 6\n>p1 move substitute\n>p2 move judgment\n>p1 move protect\n>p2 move recover\n>p1 move substitute\n>p2 move judgment\n>p1 move protect\n>p2 move recover\n>p1 move substitute\n>p2 move judgment\n>p2 switch 5\n>p1 move leechseed\n>p2 move calmmind\n>p1 move protect\n>p2 move calmmind\n>p1 move substitute\n>p2 move thunderbolt\n>forcelose p2",
  "uploadtime": 1778209310,
  "views": 1,
  "formatid": "gen9randombattle",
  "rating": 2125,
  "private": 0,
  "password": null
}