{
  "id": "gen9randombattle-2604520800",
  "format": "[Gen 9] Random Battle",
  "players": [
    "RealDereshiHours",
    "alanti9568"
  ],
  "log": "|j|\u2606RealDereshiHours\n|j|\u2606alanti9568\n|t:|1778210963\n|gametype|singles\n|player|p1|RealDereshiHours|aromalady|2014\n|player|p2|alanti9568|170|2090\n|gen|9\n|tier|[Gen 9] Random Battle\n|rated|\n|rule|Species Clause: Limit one of each Pok\u00e9mon\n|rule|HP Percentage Mod: HP is shown in percentages\n|rule|Sleep Clause Mod: Limit one foe put to sleep\n|rule|Illusion Level Mod: Illusion disguises the Pok\u00e9mon's true level\n|\n|t:|1778210963\n|teamsize|p1|6\n|teamsize|p2|6\n|start\n|switch|p1a: Leafeon|Leafeon, L88, M|258/258\n|switch|p2a: Toxicroak|Toxicroak, L84, M|277/277\n|turn|1\n|inactive|Battle timer is ON: inactive players will automatically lose when time's up. (requested by alanti9568)\n|\n|t:|1778210992\n|move|p1a: Leafeon|Double-Edge|p2a: Toxicroak\n|-damage|p2a: Toxicroak|108/277\n|-damage|p1a: Leafeon|202/258|[from] Recoil\n|-damage|p1a: Leafeon|177/258|[from] item: Life Orb\n|move|p2a: Toxicroak|Gunk Shot|p1a: Leafeon|[miss]\n|-miss|p2a: Toxicroak|p1a: Leafeon\n|\n|upkeep\n|turn|2\n|\n|t:|1778211007\n|switch|p2a: Talonflame|Talonflame, L83, M|265/265\n|move|p1a: Leafeon|Double-Edge|p2a: Talonflame\n|-damage|p2a: Talonflame|114/265\n|-damage|p1a: Leafeon|127/258|[from] Recoil\n|-damage|p1a: Leafeon|102/258|[from] item: Life Orb\n|\n|upkeep\n|turn|3\n|\n|t:|1778211015\n|switch|p1a: Girafarig|Girafarig, L89, M|269/269\n|move|p2a: Talonflame|Overheat|p1a: Girafarig|[miss]\n|-miss|p2a: Talonflame|p1a: Girafarig\n|\n|upkeep\n|turn|4\n|\n|t:|1778211031\n|switch|p2a: Chi-Yu|Chi-Yu, L77|211/211\n|-ability|p2a: Chi-Yu|Beads of Ruin\n|move|p1a: Girafarig|Nasty Plot|p1a: Girafarig\n|-boost|p1a: Girafarig|spa|2\n|\n|upkeep\n|turn|5\n|\n|t:|1778211047\n|move|p1a: Girafarig|Thunderbolt|p2a: Chi-Yu\n|-damage|p2a: Chi-Yu|96/211\n|move|p2a: Chi-Yu|Dark Pulse|p1a: Girafarig\n|-supereffective|p1a: Girafarig\n|-damage|p1a: Girafarig|0 fnt\n|faint|p1a: Girafarig\n|\n|upkeep\n|\n|t:|1778211055\n|switch|p1a: Darkrai|Darkrai, L77|234/234\n|turn|6\n|\n|t:|1778211064\n|switch|p2a: Talonflame|Talonflame, L83, M|114/265\n|move|p1a: Darkrai|Nasty Plot|p1a: Darkrai\n|-boost|p1a: Darkrai|spa|2\n|\n|upkeep\n|turn|7\n|\n|t:|1778211069\n|move|p2a: Talonflame|Overheat|p1a: Darkrai|[miss]\n|-miss|p2a: Talonflame|p1a: Darkrai\n|move|p1a: Darkrai|Dark Pulse|p2a: Talonflame\n|-damage|p2a: Talonflame|0 fnt\n|faint|p2a: Talonflame\n|-damage|p1a: Darkrai|211/234|[from] item: Life Orb\n|\n|upkeep\n|c|\u2606alanti9568|bruh\n|\n|t:|1778211076\n|switch|p2a: Toxicroak|Toxicroak, L84, M|108/277\n|turn|8\n|\n|t:|1778211096\n|move|p1a: Darkrai|Dark Pulse|p2a: Toxicroak\n|-resisted|p2a: Toxicroak\n|-damage|p2a: Toxicroak|0 fnt\n|faint|p2a: Toxicroak\n|-damage|p1a: Darkrai|188/234|[from] item: Life Orb\n|\n|upkeep\n|\n|t:|1778211114\n|switch|p2a: Dachsbun|Dachsbun, L92, F|254/254\n|turn|9\n|\n|t:|1778211121\n|-terastallize|p2a: Dachsbun|Steel\n|move|p1a: Darkrai|Sludge Bomb|p2a: Dachsbun\n|-immune|p2a: Dachsbun\n|move|p2a: Dachsbun|Play Rough|p1a: Darkrai\n|-supereffective|p1a: Darkrai\n|-damage|p1a: Darkrai|0 fnt\n|faint|p1a: Darkrai\n|\n|upkeep\n|\n|t:|1778211145\n|switch|p1a: Iron Treads|Iron Treads, L77|265/265\n|turn|10\n|\n|t:|1778211159\n|switch|p2a: Forretress|Forretress, L84, M|263/263\n|move|p1a: Iron Treads|Earthquake|p2a: Forretress\n|-damage|p2a: Forretress|193/263\n|\n|-heal|p2a: Forretress|209/263|[from] item: Leftovers\n|upkeep\n|turn|11\n|\n|t:|1778211180\n|-end|p1a: Iron Treads|Quark Drive|[silent]\n|switch|p1a: Gurdurr|Gurdurr, L85, M|283/283\n|move|p2a: Forretress|Body Press|p1a: Gurdurr\n|-damage|p1a: Gurdurr|233/283\n|\n|-heal|p2a: Forretress|225/263|[from] item: Leftovers\n|upkeep\n|turn|12\n|\n|t:|1778211191\n|move|p1a: Gurdurr|Knock Off|p2a: Forretress\n|-damage|p2a: Forretress|169/263\n|-enditem|p2a: Forretress|Leftovers|[from] move: Knock Off|[of] p1a: Gurdurr\n|move|p2a: Forretress|Stealth Rock|p1a: Gurdurr\n|-sidestart|p1: RealDereshiHours|move: Stealth Rock\n|\n|upkeep\n|turn|13\n|\n|t:|1778211198\n|move|p1a: Gurdurr|Drain Punch|p2a: Forretress\n|-damage|p2a: Forretress|112/263\n|-heal|p1a: Gurdurr|262/283|[from] drain|[of] p2a: Forretress\n|move|p2a: Forretress|Spikes|p1a: Gurdurr\n|-sidestart|p1: RealDereshiHours|Spikes\n|\n|upkeep\n|turn|14\n|\n|t:|1778211204\n|move|p1a: Gurdurr|Drain Punch|p2a: Forretress\n|-damage|p2a: Forretress|51/263\n|-heal|p1a: Gurdurr|283/283|[from] drain|[of] p2a: Forretress\n|move|p2a: Forretress|Spikes|p1a: Gurdurr\n|-sidestart|p1: RealDereshiHours|Spikes\n|\n|upkeep\n|turn|15\n|\n|t:|1778211217\n|move|p1a: Gurdurr|Drain Punch|p2a: Forretress\n|-damage|p2a: Forretress|0 fnt\n|faint|p2a: Forretress\n|\n|upkeep\n|\n|t:|1778211220\n|switch|p2a: Grumpig|Grumpig, L92, F|297/297\n|turn|16\n|\n|t:|1778211227\n|move|p2a: Grumpig|Nasty Plot|p2a: Grumpig\n|-boost|p2a: Grumpig|spa|2\n|move|p1a: Gurdurr|Defog|p2a: Grumpig\n|-unboost|p2a: Grumpig|evasion|1\n|-sideend|p1: RealDereshiHours|Spikes|[from] move: Defog|[of] p1a: Gurdurr\n|-sideend|p1: RealDereshiHours|Stealth Rock|[from] move: Defog|[of] p1a: Gurdurr\n|\n|upkeep\n|turn|17\n|\n|t:|1778211233\n|move|p2a: Grumpig|Psyshock|p1a: Gurdurr\n|-supereffective|p1a: Gurdurr\n|-damage|p1a: Gurdurr|7/283\n|move|p1a: Gurdurr|Knock Off|p2a: Grumpig\n|-supereffective|p2a: Grumpig\n|-damage|p2a: Grumpig|111/297\n|-enditem|p2a: Grumpig|Leftovers|[from] move: Knock Off|[of] p1a: Gurdurr\n|\n|upkeep\n|turn|18\n|\n|t:|1778211244\n|move|p1a: Gurdurr|Mach Punch|p2a: Grumpig\n|-resisted|p2a: Grumpig\n|-damage|p2a: Grumpig|84/297\n|move|p2a: Grumpig|Dazzling Gleam|p1a: Gurdurr\n|-supereffective|p1a: Gurdurr\n|-damage|p1a: Gurdurr|0 fnt\n|faint|p1a: Gurdurr\n|\n|upkeep\n|\n|t:|1778211248\n|switch|p1a: Leafeon|Leafeon, L88, M|102/258\n|turn|19\n|\n|t:|1778211258\n|switch|p2a: Dachsbun|Dachsbun, L92, F, tera:Steel|254/254\n|move|p1a: Leafeon|Knock Off|p2a: Dachsbun\n|-damage|p2a: Dachsbun|171/254\n|-enditem|p2a: Dachsbun|Leftovers|[from] move: Knock Off|[of] p1a: Leafeon\n|-damage|p1a: Leafeon|77/258|[from] item: Life Orb\n|\n|upkeep\n|turn|20\n|\n|t:|1778211262\n|move|p2a: Dachsbun|Wish|p2a: Dachsbun\n|move|p1a: Leafeon|Swords Dance|p1a: Leafeon\n|-boost|p1a: Leafeon|atk|2\n|\n|upkeep\n|turn|21\n|\n|t:|1778211272\n|move|p2a: Dachsbun|Play Rough|p1a: Leafeon\n|-damage|p1a: Leafeon|8/258\n|-unboost|p1a: Leafeon|atk|1\n|move|p1a: Leafeon|Leaf Blade|p2a: Dachsbun\n|-resisted|p2a: Dachsbun\n|-damage|p2a: Dachsbun|90/254\n|-damage|p1a: Leafeon|0 fnt|[from] item: Life Orb\n|faint|p1a: Leafeon\n|\n|-heal|p2a: Dachsbun|217/254|[from] move: Wish|[wisher] Dachsbun\n|upkeep\n|\n|t:|1778211290\n|switch|p1a: Iron Valiant|Iron Valiant, L78|244/244\n|turn|22\n|\n|t:|1778211302\n|-terastallize|p1a: Iron Valiant|Steel\n|move|p2a: Dachsbun|Yawn|p1a: Iron Valiant\n|-start|p1a: Iron Valiant|move: Yawn|[of] p2a: Dachsbun\n|move|p1a: Iron Valiant|Close Combat|p2a: Dachsbun\n|-supereffective|p2a: Dachsbun\n|-damage|p2a: Dachsbun|0 fnt\n|-unboost|p1a: Iron Valiant|def|1\n|-unboost|p1a: Iron Valiant|spd|1\n|faint|p2a: Dachsbun\n|-damage|p1a: Iron Valiant|220/244|[from] item: Life Orb\n|\n|upkeep\n|\n|t:|1778211305\n|switch|p2a: Chi-Yu|Chi-Yu, L77|96/211\n|-ability|p2a: Chi-Yu|Beads of Ruin\n|turn|23\n|\n|t:|1778211325\n|switch|p2a: Grumpig|Grumpig, L92, F|84/297\n|move|p1a: Iron Valiant|Close Combat|p2a: Grumpig\n|-resisted|p2a: Grumpig\n|-damage|p2a: Grumpig|0 fnt\n|-unboost|p1a: Iron Valiant|def|1\n|-unboost|p1a: Iron Valiant|spd|1\n|faint|p2a: Grumpig\n|-damage|p1a: Iron Valiant|196/244|[from] item: Life Orb\n|\n|-end|p1a: Iron Valiant|move: Yawn|[silent]\n|-status|p1a: Iron Valiant|slp\n|upkeep\n|\n|t:|1778211334\n|switch|p2a: Chi-Yu|Chi-Yu, L77|96/211\n|-ability|p2a: Chi-Yu|Beads of Ruin\n|turn|24\n|\n|t:|1778211338\n|cant|p1a: Iron Valiant|slp\n|move|p2a: Chi-Yu|Flamethrower|p1a: Iron Valiant\n|-supereffective|p1a: Iron Valiant\n|-damage|p1a: Iron Valiant|0 fnt\n|faint|p1a: Iron Valiant\n|-end|p1a: Iron Valiant|Quark Drive|[silent]\n|\n|upkeep\n|\n|t:|1778211341\n|switch|p1a: Iron Treads|Iron Treads, L77|265/265\n|turn|25\n|\n|t:|1778211350\n|move|p1a: Iron Treads|Earthquake|p2a: Chi-Yu\n|-supereffective|p2a: Chi-Yu\n|-damage|p2a: Chi-Yu|0 fnt\n|faint|p2a: Chi-Yu\n|\n|win|RealDereshiHours\n|raw|RealDereshiHours's rating: 2014 &rarr; <strong>2038</strong><br />(+24 for winning)\n|raw|alanti9568's rating: 2090 &rarr; <strong>2066</strong><br />(-24 for losing)\n",
  "inputlog": ">version d3c0b4cf388ee6ae107ccf7216674edd176762ce\n>start {\"formatid\":\"gen9randombattle\",\"seed\":\"sodium,7cb376c29adef06526a4414b7250a6bc\",\"rated\":\"Rated battle\"}\n>player p1 {\"name\":\"RealDereshiHours\",\"avatar\":\"aromalady\",\"rating\":2014,\"seed\":\"sodium,4cb30599148e1c15c67abb6a64e4a7dc\"}\n>player p2 {\"name\":\"alanti9568\",\"avatar\":\"170\",\"rating\":2090,\"seed\":\"sodium,8cd77697dd00385534afdd4dda70d5ba\"}\n>p1 move doubleedge\n>p2 move gunkshot\n>p1 move doubleedge\n>p2 switch 3\n>p1 switch 4\n>p2 move overheat\n>p1 move nastyplot\n>p2 switch 2\n>p1 move thunderbolt\n>p2 move darkpulse\n>p1 switch 2\n>p1 move nastyplot\n>p2 switch 2\n>p1 move darkpulse\n>p2 move overheat\n>chat \u2606alanti9568|bruh\n>p2 switch 3\n>p1 move darkpulse\n>p2 move closecombat\n>p2 switch 5\n>p1 move sludgebomb\n>p2 move playrough terastallize\n>p1 switch 6\n>p1 move earthquake\n>p2 switch 4\n>p1 switch 5\n>p2 move bodypress\n>p1 move knockoff\n>p2 move stealthrock\n>p1 move drainpunch\n>p2 move spikes\n>p1 move drainpunch\n>p2 move spikes\n>p1 move drainpunch\n>p2 move spikes\n>p2 switch 6\n>p1 move defog\n>p2 move nastyplot\n>p1 move knockoff\n>p2 move psyshock\n>p1 move machpunch\n>p2 move dazzlinggleam\n>p1 switch 4\n>p1 move knockoff\n>p2 switch 4\n>p1 move swordsdance\n>p2 move wish\n>p1 move leafblade\n>p2 move playrough\n>p1 switch 3\n>p1 move closecombat terastallize\n>p2 move yawn\n>p2 switch 2\n>p1 move closecombat\n>p2 switch 4\n>p2 switch 4\n>p1 move closecombat\n>p2 move flamethrower\n>p1 switch 5\n>p1 move earthquake\n>p2 move flamethrower",
  "uploadtime": 1778211350,
  "views": 2,
  "formatid": "gen9randombattle",
  "rating": 2038,
  "private": 0,
  "password": null
}