{
  "id": "gen9randombattle-2604497447",
  "format": "[Gen 9] Random Battle",
  "players": [
    "summerr707",
    "theancientchungus"
  ],
  "log": "|j|\u2606summerr707\n|j|\u2606theancientchungus\n|t:|1778208177\n|gametype|singles\n|player|p1|summerr707|169|1921\n|player|p2|theancientchungus|swimmer-gen4|1935\n|gen|9\n|tier|[Gen 9] Random Battle\n|rated|\n|rule|Species Clause: Limit one of each Pok\u00e9mon\n|rule|HP Percentage Mod: HP is shown in percentages\n|rule|Sleep Clause Mod: Limit one foe put to sleep\n|rule|Illusion Level Mod: Illusion disguises the Pok\u00e9mon's true level\n|\n|t:|1778208177\n|teamsize|p1|6\n|teamsize|p2|6\n|start\n|switch|p1a: Mismagius|Mismagius, L86, M|243/243\n|switch|p2a: Scrafty|Scrafty, L83, M|244/244\n|turn|1\n|inactive|Battle timer is ON: inactive players will automatically lose when time's up. (requested by summerr707)\n|inactive|theancientchungus has 120 seconds left.\n|\n|t:|1778208235\n|switch|p1a: Lucario|Lucario, L84, M|255/255\n|switch|p2a: Magnezone|Magnezone, L85|258/258\n|\n|upkeep\n|turn|2\n|\n|t:|1778208249\n|switch|p2a: Chandelure|Chandelure, L83, M|235/235\n|move|p1a: Lucario|Swords Dance|p1a: Lucario\n|-boost|p1a: Lucario|atk|2\n|\n|upkeep\n|turn|3\n|\n|t:|1778208253\n|switch|p1a: Pelipper|Pelipper, L86, F|243/243\n|-weather|RainDance|[from] ability: Drizzle|[of] p1a: Pelipper\n|move|p2a: Chandelure|Fire Blast|p1a: Pelipper\n|-resisted|p1a: Pelipper\n|-damage|p1a: Pelipper|201/243\n|\n|-weather|RainDance|[upkeep]\n|upkeep\n|turn|4\n|\n|t:|1778208260\n|switch|p2a: Froslass|Froslass, L87, F|263/263\n|move|p1a: Pelipper|Weather Ball|p2a: Froslass\n|-crit|p2a: Froslass\n|-damage|p2a: Froslass|0 fnt\n|-start|p1a: Pelipper|Disable|Weather Ball|[from] ability: Cursed Body|[of] p2a: Froslass\n|faint|p2a: Froslass\n|\n|-weather|RainDance|[upkeep]\n|upkeep\n|\n|t:|1778208274\n|switch|p2a: Flapple|Flapple, L88, F|266/266\n|turn|5\n|\n|t:|1778208289\n|switch|p1a: Lilligant|Lilligant-Hisui, L79, F|240/240\n|move|p2a: Flapple|Dragon Dance|p2a: Flapple\n|-boost|p2a: Flapple|atk|1\n|-boost|p2a: Flapple|spe|1\n|\n|-weather|RainDance|[upkeep]\n|upkeep\n|turn|6\n|\n|t:|1778208313\n|move|p2a: Flapple|Outrage|p1a: Lilligant\n|-damage|p1a: Lilligant|0 fnt\n|faint|p1a: Lilligant\n|\n|-weather|RainDance|[upkeep]\n|upkeep\n|\n|t:|1778208321\n|switch|p1a: Lucario|Lucario, L84, M|255/255\n|turn|7\n|\n|t:|1778208334\n|move|p2a: Flapple|Outrage|p1a: Lucario|[from] lockedmove\n|-resisted|p1a: Lucario\n|-damage|p1a: Lucario|63/255\n|move|p1a: Lucario|Close Combat|p2a: Flapple\n|-damage|p2a: Flapple|71/266\n|-unboost|p1a: Lucario|def|1\n|-unboost|p1a: Lucario|spd|1\n|-damage|p1a: Lucario|38/255|[from] item: Life Orb\n|\n|-weather|none\n|upkeep\n|turn|8\n|\n|t:|1778208343\n|move|p1a: Lucario|Extreme Speed|p2a: Flapple\n|-damage|p2a: Flapple|0 fnt\n|faint|p2a: Flapple\n|-damage|p1a: Lucario|13/255|[from] item: Life Orb\n|\n|upkeep\n|\n|t:|1778208352\n|switch|p2a: Chandelure|Chandelure, L83, M|235/235\n|turn|9\n|\n|t:|1778208359\n|move|p2a: Chandelure|Shadow Ball|p1a: Lucario\n|-damage|p1a: Lucario|0 fnt\n|faint|p1a: Lucario\n|\n|upkeep\n|\n|t:|1778208362\n|switch|p1a: Furret|Furret, L94, F|312/312\n|-item|p2a: Chandelure|Choice Scarf|[from] ability: Frisk|[of] p1a: Furret\n|turn|10\n|\n|t:|1778208378\n|switch|p2a: Magnezone|Magnezone, L85|258/258\n|move|p1a: Furret|U-turn|p2a: Magnezone\n|-resisted|p2a: Magnezone\n|-damage|p2a: Magnezone|230/258\n|\n|t:|1778208385\n|switch|p1a: Mismagius|Mismagius, L86, M|243/243|[from] U-turn\n|\n|upkeep\n|turn|11\n|\n|t:|1778208397\n|move|p1a: Mismagius|Nasty Plot|p1a: Mismagius\n|-boost|p1a: Mismagius|spa|2\n|move|p2a: Magnezone|Volt Switch|p1a: Mismagius\n|-crit|p1a: Mismagius\n|-damage|p1a: Mismagius|95/243\n|\n|t:|1778208401\n|switch|p2a: Chandelure|Chandelure, L83, M|235/235|[from] Volt Switch\n|\n|-heal|p1a: Mismagius|110/243|[from] item: Leftovers\n|upkeep\n|turn|12\n|\n|t:|1778208404\n|switch|p1a: Furret|Furret, L94, F|312/312\n|-item|p2a: Chandelure|Choice Scarf|[from] ability: Frisk|[of] p1a: Furret\n|move|p2a: Chandelure|Shadow Ball|p1a: Furret\n|-immune|p1a: Furret\n|\n|upkeep\n|turn|13\n|\n|t:|1778208418\n|switch|p2a: Magnezone|Magnezone, L85|230/258\n|move|p1a: Furret|Trick|p2a: Magnezone\n|-activate|p1a: Furret|move: Trick|[of] p2a: Magnezone\n|-item|p2a: Magnezone|Choice Band|[from] move: Trick\n|-item|p1a: Furret|Assault Vest|[from] move: Trick\n|\n|upkeep\n|turn|14\n|\n|t:|1778208429\n|move|p1a: Furret|Double-Edge|p2a: Magnezone\n|-resisted|p2a: Magnezone\n|-damage|p2a: Magnezone|176/258\n|-damage|p1a: Furret|294/312|[from] Recoil\n|move|p2a: Magnezone|Volt Switch|p1a: Furret\n|-damage|p1a: Furret|188/312\n|\n|t:|1778208434\n|switch|p2a: Scrafty|Scrafty, L83, M|244/244|[from] Volt Switch\n|\n|upkeep\n|turn|15\n|\n|t:|1778208445\n|move|p1a: Furret|U-turn|p2a: Scrafty\n|-damage|p2a: Scrafty|199/244\n|\n|t:|1778208447\n|switch|p1a: Pincurchin|Pincurchin, F|258/258|[from] U-turn\n|-fieldstart|move: Electric Terrain|[from] ability: Electric Surge|[of] p1a: Pincurchin\n|move|p2a: Scrafty|Knock Off|p1a: Pincurchin\n|-damage|p1a: Pincurchin|177/258\n|-enditem|p1a: Pincurchin|Leftovers|[from] move: Knock Off|[of] p2a: Scrafty\n|\n|-heal|p2a: Scrafty|214/244|[from] item: Leftovers\n|upkeep\n|turn|16\n|\n|t:|1778208456\n|move|p2a: Scrafty|Bulk Up|p2a: Scrafty\n|-boost|p2a: Scrafty|atk|1\n|-boost|p2a: Scrafty|def|1\n|move|p1a: Pincurchin|Discharge|p2a: Scrafty\n|-damage|p2a: Scrafty|96/244\n|\n|-heal|p2a: Scrafty|111/244|[from] item: Leftovers\n|upkeep\n|turn|17\n|\n|t:|1778208459\n|move|p2a: Scrafty|Drain Punch|p1a: Pincurchin\n|-damage|p1a: Pincurchin|90/258\n|-heal|p2a: Scrafty|155/244|[from] drain|[of] p1a: Pincurchin\n|move|p1a: Pincurchin|Discharge|p2a: Scrafty\n|-damage|p2a: Scrafty|28/244\n|\n|-heal|p2a: Scrafty|43/244|[from] item: Leftovers\n|upkeep\n|turn|18\n|\n|t:|1778208467\n|move|p2a: Scrafty|Drain Punch|p1a: Pincurchin\n|-damage|p1a: Pincurchin|0 fnt\n|-heal|p2a: Scrafty|88/244|[from] drain|[of] p1a: Pincurchin\n|faint|p1a: Pincurchin\n|\n|-heal|p2a: Scrafty|103/244|[from] item: Leftovers\n|upkeep\n|\n|t:|1778208473\n|switch|p1a: Mismagius|Mismagius, L86, M|110/243\n|turn|19\n|\n|t:|1778208492\n|-terastallize|p1a: Mismagius|Fighting\n|move|p1a: Mismagius|Tera Blast|p2a: Scrafty|[anim] Tera Blast Fighting\n|-supereffective|p2a: Scrafty\n|-damage|p2a: Scrafty|0 fnt\n|faint|p2a: Scrafty\n|\n|-heal|p1a: Mismagius|125/243|[from] item: Leftovers\n|-fieldend|move: Electric Terrain\n|upkeep\n|\n|t:|1778208502\n|switch|p2a: Hitmontop|Hitmontop, L88, M|231/231\n|turn|20\n|\n|t:|1778208511\n|switch|p1a: Pelipper|Pelipper, L86, F|201/243\n|-weather|RainDance|[from] ability: Drizzle|[of] p1a: Pelipper\n|move|p2a: Hitmontop|Rapid Spin|p1a: Pelipper\n|-damage|p1a: Pelipper|150/243\n|-boost|p2a: Hitmontop|spe|1\n|\n|-weather|RainDance|[upkeep]\n|upkeep\n|turn|21\n|\n|t:|1778208517\n|-terastallize|p2a: Hitmontop|Ice\n|move|p2a: Hitmontop|Triple Axel|p1a: Pelipper\n|-damage|p1a: Pelipper|117/243\n|-damage|p1a: Pelipper|59/243\n|-hitcount|p1a: Pelipper|2\n|move|p1a: Pelipper|Hurricane|p2a: Hitmontop\n|-damage|p2a: Hitmontop|77/231\n|-start|p2a: Hitmontop|confusion\n|\n|-weather|RainDance|[upkeep]\n|-heal|p2a: Hitmontop|91/231|[from] item: Leftovers\n|upkeep\n|turn|22\n|\n|t:|1778208531\n|-activate|p2a: Hitmontop|confusion\n|move|p2a: Hitmontop|Triple Axel|p1a: Pelipper\n|-damage|p1a: Pelipper|29/243\n|-damage|p1a: Pelipper|0 fnt\n|faint|p1a: Pelipper\n|-hitcount|p1: Pelipper|2\n|\n|-weather|RainDance|[upkeep]\n|-heal|p2a: Hitmontop|105/231|[from] item: Leftovers\n|upkeep\n|\n|t:|1778208535\n|switch|p1a: Mismagius|Mismagius, L86, M, tera:Fighting|125/243\n|turn|23\n|\n|t:|1778208540\n|-activate|p2a: Hitmontop|confusion\n|move|p2a: Hitmontop|Triple Axel|p1a: Mismagius\n|-damage|p1a: Mismagius|77/243\n|-damage|p1a: Mismagius|0 fnt\n|faint|p1a: Mismagius\n|-hitcount|p1: Mismagius|2\n|\n|-weather|RainDance|[upkeep]\n|-heal|p2a: Hitmontop|119/231|[from] item: Leftovers\n|upkeep\n|\n|t:|1778208542\n|switch|p1a: Furret|Furret, L94, F|188/312\n|-item|p2a: Hitmontop|Leftovers|[from] ability: Frisk|[of] p1a: Furret\n|turn|24\n|\n|t:|1778208544\n|-activate|p2a: Hitmontop|confusion\n|move|p2a: Hitmontop|Close Combat|p1a: Furret\n|-supereffective|p1a: Furret\n|-damage|p1a: Furret|0 fnt\n|-unboost|p2a: Hitmontop|def|1\n|-unboost|p2a: Hitmontop|spd|1\n|faint|p1a: Furret\n|\n|win|theancientchungus\n|raw|summerr707's rating: 1921 &rarr; <strong>1902</strong><br />(-19 for losing)\n|raw|theancientchungus's rating: 1935 &rarr; <strong>1954</strong><br />(+19 for winning)\n",
  "inputlog": ">version d3c0b4cf388ee6ae107ccf7216674edd176762ce\n>start {\"formatid\":\"gen9randombattle\",\"seed\":\"sodium,c53b549d38723d4d3d26bfaf0fa9a4dc\",\"rated\":\"Rated battle\"}\n>player p1 {\"name\":\"summerr707\",\"avatar\":\"169\",\"rating\":1921,\"seed\":\"sodium,3b92ddd53c7ecb17c936f06c62cdd9ba\"}\n>player p2 {\"name\":\"theancientchungus\",\"avatar\":\"swimmer-gen4\",\"rating\":1935,\"seed\":\"sodium,7537ee27d25924d6f09f2afd833db580\"}\n>p1 switch 2\n>p2 switch 2\n>p1 move swordsdance\n>p2 switch 4\n>p1 switch 4\n>p2 move fireblast\n>p1 move weatherball\n>p2 switch 3\n>p2 switch 5\n>p1 switch 5\n>p2 move dragondance\n>p1 move icespinner\n>p2 move outrage\n>p1 switch 4\n>p1 move closecombat\n>p2 move outrage\n>p1 move extremespeed\n>p2 move outrage\n>p2 switch 3\n>p1 move closecombat\n>p2 move shadowball\n>p1 switch 6\n>p1 move uturn\n>p2 switch 4\n>p1 switch 2\n>p1 move nastyplot\n>p2 move voltswitch\n>p2 switch 4\n>p1 switch 2\n>p2 move shadowball\n>p1 move trick\n>p2 switch 4\n>p1 move doubleedge\n>p2 move voltswitch\n>p2 switch 2\n>p1 move uturn\n>p2 move knockoff\n>p1 switch 3\n>p1 move discharge\n>p2 move bulkup\n>p1 move discharge\n>p2 move drainpunch\n>p1 move discharge\n>p2 move drainpunch\n>p1 switch 2\n>p1 move terablast terastallize\n>p2 move knockoff\n>p2 switch 6\n>p1 switch 5\n>p2 move rapidspin\n>p1 move hurricane\n>p2 move tripleaxel terastallize\n>p1 move hurricane\n>p2 move tripleaxel\n>p1 switch 5\n>p1 move terablast\n>p2 move tripleaxel\n>p1 switch 3\n>p1 move doubleedge\n>p2 move closecombat",
  "uploadtime": 1778208546,
  "views": 1,
  "formatid": "gen9randombattle",
  "rating": 1902,
  "private": 0,
  "password": null
}