{
  "id": "gen9randombattle-2604500309",
  "format": "[Gen 9] Random Battle",
  "players": [
    "noocha",
    "padstar36"
  ],
  "log": "|badge|p2|bronze|gen9randombattle|100-9\n|uhtml|medal-msg|<div class=\"broadcast-blue\">Curious what those medals under the avatar are? PS now has Ladder Seasons! For more information, check out the <a href=\"https://www.smogon.com/forums/threads/3740067/\">thread on Smogon.</a></div>\n|j|\u2606noocha\n|j|\u2606padstar36\n|t:|1778208505\n|gametype|singles\n|player|p1|noocha|n|2111\n|player|p2|padstar36|170|2265\n|gen|9\n|tier|[Gen 9] Random Battle\n|rated|\n|rule|Species Clause: Limit one of each Pok\u00e9mon\n|rule|HP Percentage Mod: HP is shown in percentages\n|rule|Sleep Clause Mod: Limit one foe put to sleep\n|rule|Illusion Level Mod: Illusion disguises the Pok\u00e9mon's true level\n|\n|t:|1778208505\n|teamsize|p1|6\n|teamsize|p2|6\n|start\n|switch|p1a: Iron Jugulis|Iron Jugulis, L77|271/271\n|switch|p2a: Slaking|Slaking, L84, F|389/389\n|turn|1\n|\n|t:|1778208538\n|move|p2a: Slaking|Double-Edge|p1a: Iron Jugulis\n|-damage|p1a: Iron Jugulis|0 fnt\n|faint|p1a: Iron Jugulis\n|-end|p1a: Iron Jugulis|Quark Drive|[silent]\n|-damage|p2a: Slaking|300/389|[from] Recoil\n|\n|upkeep\n|\n|t:|1778208547\n|switch|p1a: Abomasnow|Abomasnow, L84, F|287/287\n|-weather|Snowscape|[from] ability: Snow Warning|[of] p1a: Abomasnow\n|turn|2\n|\n|t:|1778208556\n|switch|p2a: Torkoal|Torkoal, L88, F|266/266\n|-weather|SunnyDay|[from] ability: Drought|[of] p2a: Torkoal\n|move|p1a: Abomasnow|Aurora Veil||[still]\n|-fail|p1a: Abomasnow\n|\n|-weather|SunnyDay|[upkeep]\n|upkeep\n|turn|3\n|\n|t:|1778208560\n|switch|p1a: Hatterene|Hatterene, L85, F|236/236\n|move|p2a: Torkoal|Lava Plume|p1a: Hatterene\n|-damage|p1a: Hatterene|118/236\n|\n|-weather|SunnyDay|[upkeep]\n|-heal|p1a: Hatterene|132/236|[from] item: Leftovers\n|upkeep\n|turn|4\n|\n|t:|1778208567\n|switch|p2a: Camerupt|Camerupt, L91, M|275/275\n|move|p1a: Hatterene|Calm Mind|p1a: Hatterene\n|-boost|p1a: Hatterene|spa|1\n|-boost|p1a: Hatterene|spd|1\n|\n|-weather|SunnyDay|[upkeep]\n|-heal|p1a: Hatterene|146/236|[from] item: Leftovers\n|upkeep\n|turn|5\n|\n|t:|1778208570\n|move|p2a: Camerupt|Earthquake|p1a: Hatterene\n|-damage|p1a: Hatterene|20/236\n|move|p1a: Hatterene|Draining Kiss|p2a: Camerupt\n|-resisted|p2a: Camerupt\n|-damage|p2a: Camerupt|218/275\n|-heal|p1a: Hatterene|63/236|[from] drain|[of] p2a: Camerupt\n|\n|-weather|SunnyDay|[upkeep]\n|-heal|p2a: Camerupt|235/275|[from] item: Leftovers\n|-heal|p1a: Hatterene|77/236|[from] item: Leftovers\n|upkeep\n|turn|6\n|\n|t:|1778208576\n|move|p2a: Camerupt|Earthquake|p1a: Hatterene\n|-damage|p1a: Hatterene|0 fnt\n|faint|p1a: Hatterene\n|\n|-weather|none\n|-heal|p2a: Camerupt|252/275|[from] item: Leftovers\n|upkeep\n|\n|t:|1778208577\n|switch|p1a: Floatzel|Floatzel, L86, F|286/286\n|turn|7\n|\n|t:|1778208594\n|switch|p2a: Clawitzer|Clawitzer, L87, M|265/265\n|move|p1a: Floatzel|Flip Turn|p2a: Clawitzer\n|-resisted|p2a: Clawitzer\n|-damage|p2a: Clawitzer|211/265\n|\n|t:|1778208601\n|switch|p1a: Abomasnow|Abomasnow, L84, F|287/287|[from] Flip Turn\n|-weather|Snowscape|[from] ability: Snow Warning|[of] p1a: Abomasnow\n|\n|-weather|Snowscape|[upkeep]\n|upkeep\n|turn|8\n|\n|t:|1778208604\n|switch|p2a: Torkoal|Torkoal, L88, F|266/266\n|-weather|SunnyDay|[from] ability: Drought|[of] p2a: Torkoal\n|move|p1a: Abomasnow|Earthquake|p2a: Torkoal\n|-supereffective|p2a: Torkoal\n|-damage|p2a: Torkoal|180/266\n|\n|-weather|SunnyDay|[upkeep]\n|upkeep\n|turn|9\n|\n|t:|1778208608\n|switch|p1a: Floatzel|Floatzel, L86, F|286/286\n|move|p2a: Torkoal|Lava Plume|p1a: Floatzel\n|-resisted|p1a: Floatzel\n|-damage|p1a: Floatzel|200/286\n|\n|-weather|SunnyDay|[upkeep]\n|upkeep\n|turn|10\n|\n|t:|1778208610\n|move|p1a: Floatzel|Flip Turn|p2a: Torkoal\n|-supereffective|p2a: Torkoal\n|-damage|p2a: Torkoal|114/266\n|\n|t:|1778208613\n|switch|p1a: Walking Wake|Walking Wake, L79|286/286|[from] Flip Turn\n|-activate|p1a: Walking Wake|ability: Protosynthesis\n|-start|p1a: Walking Wake|protosynthesisspa\n|move|p2a: Torkoal|Solar Beam||[still]\n|-prepare|p2a: Torkoal|Solar Beam\n|-anim|p2a: Torkoal|Solar Beam|p1a: Walking Wake\n|-damage|p1a: Walking Wake|184/286\n|\n|-weather|SunnyDay|[upkeep]\n|upkeep\n|turn|11\n|\n|t:|1778208620\n|switch|p2a: Clawitzer|Clawitzer, L87, M|211/265\n|move|p1a: Walking Wake|Flip Turn|p2a: Clawitzer\n|-resisted|p2a: Clawitzer\n|-damage|p2a: Clawitzer|199/265\n|\n|t:|1778208624\n|-end|p1a: Walking Wake|Protosynthesis|[silent]\n|switch|p1a: Abomasnow|Abomasnow, L84, F|287/287|[from] Flip Turn\n|-weather|Snowscape|[from] ability: Snow Warning|[of] p1a: Abomasnow\n|\n|-weather|Snowscape|[upkeep]\n|upkeep\n|turn|12\n|\n|t:|1778208631\n|move|p2a: Clawitzer|Aura Sphere|p1a: Abomasnow\n|-supereffective|p1a: Abomasnow\n|-damage|p1a: Abomasnow|0 fnt\n|faint|p1a: Abomasnow\n|\n|-weather|Snowscape|[upkeep]\n|upkeep\n|\n|t:|1778208636\n|switch|p1a: Walking Wake|Walking Wake, L79|184/286\n|turn|13\n|\n|t:|1778208655\n|move|p1a: Walking Wake|Draco Meteor|p2a: Clawitzer\n|-damage|p2a: Clawitzer|0 fnt\n|-unboost|p1a: Walking Wake|spa|2\n|faint|p2a: Clawitzer\n|\n|-weather|Snowscape|[upkeep]\n|upkeep\n|\n|t:|1778208687\n|switch|p2a: Slaking|Slaking, L84, F|235/235\n|turn|14\n|inactive|Battle timer is ON: inactive players will automatically lose when time's up. (requested by padstar36)\n|\n|t:|1778208718\n|move|p2a: Slaking|Dark Pulse|p1a: Walking Wake\n|-damage|p1a: Walking Wake|27/286\n|move|p1a: Walking Wake|Draco Meteor|p2a: Slaking\n|-damage|p2a: Slaking|97/235\n|-unboost|p1a: Walking Wake|spa|2\n|replace|p2a: Zoroark|Zoroark, L83, M\n|-end|p2a: Zoroark|Illusion\n|-hint|Illusion Level Mod is active, so this Pok\u00e9mon's true level was hidden.\n|\n|-weather|Snowscape|[upkeep]\n|upkeep\n|turn|15\n|\n|t:|1778208726\n|move|p2a: Zoroark|Dark Pulse|p1a: Walking Wake\n|-damage|p1a: Walking Wake|0 fnt\n|faint|p1a: Walking Wake\n|-end|p1a: Walking Wake|Protosynthesis|[silent]\n|\n|-weather|none\n|upkeep\n|\n|t:|1778208728\n|switch|p1a: Floatzel|Floatzel, L86, F|200/286\n|turn|16\n|\n|t:|1778208735\n|switch|p2a: Torkoal|Torkoal, L88, F|114/266\n|-weather|SunnyDay|[from] ability: Drought|[of] p2a: Torkoal\n|move|p1a: Floatzel|Wave Crash|p2a: Torkoal\n|-supereffective|p2a: Torkoal\n|-damage|p2a: Torkoal|0 fnt\n|faint|p2a: Torkoal\n|-damage|p1a: Floatzel|162/286|[from] Recoil\n|\n|-weather|SunnyDay|[upkeep]\n|upkeep\n|\n|t:|1778208741\n|switch|p2a: Iron Leaves|Iron Leaves, L80|275/275\n|turn|17\n|\n|t:|1778208744\n|move|p1a: Floatzel|Wave Crash|p2a: Iron Leaves\n|-resisted|p2a: Iron Leaves\n|-damage|p2a: Iron Leaves|224/275\n|-damage|p1a: Floatzel|145/286|[from] Recoil\n|move|p2a: Iron Leaves|Leaf Blade|p1a: Floatzel\n|-supereffective|p1a: Floatzel\n|-damage|p1a: Floatzel|0 fnt\n|faint|p1a: Floatzel\n|-damage|p2a: Iron Leaves|197/275|[from] item: Life Orb\n|\n|-weather|SunnyDay|[upkeep]\n|upkeep\n|\n|t:|1778208746\n|switch|p1a: Darkrai|Darkrai, L77|234/234\n|turn|18\n|\n|t:|1778208754\n|-terastallize|p1a: Darkrai|Poison\n|-terastallize|p2a: Iron Leaves|Fighting\n|move|p1a: Darkrai|Nasty Plot|p1a: Darkrai\n|-boost|p1a: Darkrai|spa|2\n|move|p2a: Iron Leaves|Close Combat|p1a: Darkrai\n|-resisted|p1a: Darkrai\n|-damage|p1a: Darkrai|129/234\n|-unboost|p2a: Iron Leaves|def|1\n|-unboost|p2a: Iron Leaves|spd|1\n|-damage|p2a: Iron Leaves|170/275|[from] item: Life Orb\n|\n|-weather|SunnyDay|[upkeep]\n|upkeep\n|turn|19\n|\n|t:|1778208758\n|move|p1a: Darkrai|Sludge Bomb|p2a: Iron Leaves\n|-damage|p2a: Iron Leaves|0 fnt\n|faint|p2a: Iron Leaves\n|-end|p2a: Iron Leaves|Quark Drive|[silent]\n|-damage|p1a: Darkrai|106/234|[from] item: Life Orb\n|\n|-weather|SunnyDay|[upkeep]\n|upkeep\n|\n|t:|1778208773\n|switch|p2a: Camerupt|Camerupt, L91, M|252/275\n|turn|20\n|\n|t:|1778208791\n|move|p1a: Darkrai|Hypnosis|p2a: Camerupt\n|-status|p2a: Camerupt|slp|[from] move: Hypnosis\n|cant|p2a: Camerupt|slp\n|\n|-weather|none\n|-heal|p2a: Camerupt|269/275 slp|[from] item: Leftovers\n|-damage|p2a: Camerupt|235/275 slp|[from] ability: Bad Dreams|[of] p1a: Darkrai\n|upkeep\n|turn|21\n|\n|t:|1778208802\n|move|p1a: Darkrai|Nasty Plot|p1a: Darkrai\n|-boost|p1a: Darkrai|spa|2\n|cant|p2a: Camerupt|slp\n|\n|-heal|p2a: Camerupt|252/275 slp|[from] item: Leftovers\n|-damage|p2a: Camerupt|218/275 slp|[from] ability: Bad Dreams|[of] p1a: Darkrai\n|upkeep\n|turn|22\n|\n|t:|1778208806\n|move|p1a: Darkrai|Dark Pulse|p2a: Camerupt\n|-damage|p2a: Camerupt|0 fnt\n|faint|p2a: Camerupt\n|-damage|p1a: Darkrai|83/234|[from] item: Life Orb\n|\n|upkeep\n|\n|t:|1778208808\n|switch|p2a: Slaking|Slaking, L84, F|300/389\n|turn|23\n|\n|t:|1778208810\n|move|p1a: Darkrai|Dark Pulse|p2a: Slaking\n|-damage|p2a: Slaking|0 fnt\n|faint|p2a: Slaking\n|-damage|p1a: Darkrai|60/234|[from] item: Life Orb\n|\n|upkeep\n|\n|t:|1778208812\n|switch|p2a: Zoroark|Zoroark, L83, M|97/235\n|turn|24\n|c|\u2606noocha|ggwp\n|\n|t:|1778208816\n|move|p1a: Darkrai|Sludge Bomb|p2a: Zoroark\n|-damage|p2a: Zoroark|0 fnt\n|faint|p2a: Zoroark\n|-damage|p1a: Darkrai|37/234|[from] item: Life Orb\n|\n|win|noocha\n|raw|noocha's rating: 2111 &rarr; <strong>2139</strong><br />(+28 for winning)\n|raw|padstar36's rating: 2265 &rarr; <strong>2237</strong><br />(-28 for losing)\n",
  "inputlog": ">version d3c0b4cf388ee6ae107ccf7216674edd176762ce\n>start {\"formatid\":\"gen9randombattle\",\"seed\":\"sodium,ca7a8b339d41a67712fd2910e25471fd\",\"rated\":\"Rated battle\"}\n>player p1 {\"name\":\"noocha\",\"avatar\":\"n\",\"rating\":2111,\"seed\":\"sodium,5fc467dd5ff22eaa4810ccefef2a0ccd\"}\n>player p2 {\"name\":\"padstar36\",\"avatar\":\"170\",\"rating\":2265,\"seed\":\"sodium,c3e494f66a60313ec300cb351410bd4c\"}\n>p1 move meteorbeam\n>p2 move doubleedge\n>p1 switch 4\n>p1 move auroraveil\n>p2 switch 6\n>p1 switch 3\n>p2 move lavaplume\n>p1 move calmmind\n>p2 switch 2\n>p1 move drainingkiss\n>p2 move earthquake\n>p1 move psyshock\n>p2 move earthquake\n>p1 switch 5\n>p1 move flipturn\n>p2 switch 4\n>p1 switch 3\n>p1 move earthquake\n>p2 switch 2\n>p1 switch 3\n>p2 move lavaplume\n>p1 move flipturn\n>p2 move solarbeam\n>p1 switch 2\n>p1 move flipturn\n>p2 switch 2\n>p1 switch 3\n>p1 move auroraveil\n>p2 move aurasphere\n>p1 switch 3\n>p1 move dracometeor\n>p2 move aurasphere\n>p2 switch 5\n>p1 move dracometeor\n>p2 move darkpulse\n>p1 move dracometeor\n>p2 move darkpulse\n>p1 switch 2\n>p1 move wavecrash\n>p2 switch 2\n>p2 switch 3\n>p1 move wavecrash\n>p2 move leafblade\n>p1 switch 6\n>p1 move nastyplot terastallize\n>p2 move closecombat terastallize\n>p1 move sludgebomb\n>p2 move psyblade\n>p2 switch 4\n>p1 move hypnosis\n>p2 move earthquake\n>p1 move nastyplot\n>p2 move earthquake\n>p1 move darkpulse\n>p2 move earthquake\n>p2 switch 6\n>p1 move darkpulse\n>p2 move doubleedge\n>p2 switch 2\n>chat \u2606noocha|ggwp\n>p1 move sludgebomb\n>p2 move darkpulse",
  "uploadtime": 1778208816,
  "views": 2,
  "formatid": "gen9randombattle",
  "rating": 2139,
  "private": 0,
  "password": null
}