{
  "id": "gen9randombattle-2604499712",
  "format": "[Gen 9] Random Battle",
  "players": [
    "thesenya",
    "starrcal"
  ],
  "log": "|j|\u203dthesenya\n|j|\u2606starrcal\n|t:|1778208434\n|gametype|singles\n|player|p1|thesenya|101|1937\n|player|p2|starrcal|170|1972\n|gen|9\n|tier|[Gen 9] Random Battle\n|rated|\n|rule|Species Clause: Limit one of each Pok\u00e9mon\n|rule|HP Percentage Mod: HP is shown in percentages\n|rule|Sleep Clause Mod: Limit one foe put to sleep\n|rule|Illusion Level Mod: Illusion disguises the Pok\u00e9mon's true level\n|\n|t:|1778208434\n|teamsize|p1|6\n|teamsize|p2|6\n|start\n|switch|p1a: Hitmontop|Hitmontop, L88, M|231/231\n|switch|p2a: Gliscor|Gliscor, L76, M|239/239\n|-ability|p1a: Hitmontop|Intimidate|boost\n|-unboost|p2a: Gliscor|atk|1\n|turn|1\n|inactive|Battle timer is ON: inactive players will automatically lose when time's up. (requested by thesenya)\n|\n|t:|1778208463\n|switch|p2a: Entei|Entei, L78|307/307\n|switch|p1a: Clodsire|Clodsire, L81, M|343/343\n|\n|upkeep\n|turn|2\n|inactive|thesenya has 120 seconds left.\n|inactive|starrcal has 120 seconds left.\n|-message|thesenya forfeited.\n|\n|win|starrcal\n|raw|thesenya's rating: 1937 &rarr; <strong>1919</strong><br />(-18 for losing)\n|raw|starrcal's rating: 1972 &rarr; <strong>1990</strong><br />(+18 for winning)\n",
  "inputlog": ">version d3c0b4cf388ee6ae107ccf7216674edd176762ce\n>start {\"formatid\":\"gen9randombattle\",\"seed\":\"sodium,912e3b74f90d302742a7168c0e52700f\",\"rated\":\"Rated battle\"}\n>player p1 {\"name\":\"thesenya\",\"avatar\":\"101\",\"rating\":1937,\"seed\":\"sodium,773770d153118cbdd32b4e40f62bb131\"}\n>player p2 {\"name\":\"starrcal\",\"avatar\":\"170\",\"rating\":1972,\"seed\":\"sodium,ca4664f22aee7bdc8c1e14af1838b5ff\"}\n>p1 switch 3\n>p2 switch 4\n>forcelose p1",
  "uploadtime": 1778208506,
  "views": 1,
  "formatid": "gen9randombattle",
  "rating": 1919,
  "private": 0,
  "password": null
}