{
  "id": "gen9randombattle-2604503446",
  "format": "[Gen 9] Random Battle",
  "players": [
    "Gryptfriend",
    "Boomtown2012"
  ],
  "log": "|j|\u2606Gryptfriend\n|j|\u2606Boomtown2012\n|t:|1778208869\n|gametype|singles\n|player|p1|Gryptfriend|roughneck-gen4|1384\n|player|p2|Boomtown2012|lucas-gen4pt|1356\n|gen|9\n|tier|[Gen 9] Random Battle\n|rated|\n|rule|Species Clause: Limit one of each Pok\u00e9mon\n|rule|HP Percentage Mod: HP is shown in percentages\n|rule|Sleep Clause Mod: Limit one foe put to sleep\n|rule|Illusion Level Mod: Illusion disguises the Pok\u00e9mon's true level\n|\n|t:|1778208869\n|teamsize|p1|6\n|teamsize|p2|6\n|start\n|switch|p1a: Orthworm|Orthworm, L88, M|266/266\n|switch|p2a: Kingambit|Kingambit, L74, F|270/270\n|turn|1\n|inactive|Battle timer is ON: inactive players will automatically lose when time's up. (requested by Gryptfriend)\n|\n|t:|1778208890\n|move|p1a: Orthworm|Spikes|p2a: Kingambit\n|-sidestart|p2: Boomtown2012|Spikes\n|move|p2a: Kingambit|Swords Dance|p2a: Kingambit\n|-boost|p2a: Kingambit|atk|2\n|\n|upkeep\n|turn|2\n|\n|t:|1778208901\n|-terastallize|p1a: Orthworm|Fighting\n|-terastallize|p2a: Kingambit|Flying\n|move|p1a: Orthworm|Body Press|p2a: Kingambit\n|-resisted|p2a: Kingambit\n|-damage|p2a: Kingambit|210/270\n|move|p2a: Kingambit|Swords Dance|p2a: Kingambit\n|-boost|p2a: Kingambit|atk|2\n|\n|-heal|p2a: Kingambit|226/270|[from] item: Leftovers\n|upkeep\n|turn|3\n|\n|t:|1778208913\n|move|p1a: Orthworm|Heavy Slam|p2a: Kingambit\n|-damage|p2a: Kingambit|165/270\n|move|p2a: Kingambit|Iron Head|p1a: Orthworm\n|-damage|p1a: Orthworm|92/266\n|\n|-heal|p1a: Orthworm|108/266|[from] item: Leftovers\n|-heal|p2a: Kingambit|181/270|[from] item: Leftovers\n|upkeep\n|turn|4\n|inactive|Gryptfriend has 120 seconds left.\n|\n|t:|1778208959\n|move|p2a: Kingambit|Sucker Punch||[still]\n|-fail|p2a: Kingambit\n|move|p1a: Orthworm|Spikes|p2a: Kingambit\n|-sidestart|p2: Boomtown2012|Spikes\n|\n|-heal|p1a: Orthworm|124/266|[from] item: Leftovers\n|-heal|p2a: Kingambit|197/270|[from] item: Leftovers\n|upkeep\n|turn|5\n|\n|t:|1778208966\n|move|p1a: Orthworm|Heavy Slam|p2a: Kingambit\n|-damage|p2a: Kingambit|143/270\n|move|p2a: Kingambit|Kowtow Cleave|p1a: Orthworm\n|-resisted|p1a: Orthworm\n|-damage|p1a: Orthworm|38/266\n|\n|-heal|p1a: Orthworm|54/266|[from] item: Leftovers\n|-heal|p2a: Kingambit|159/270|[from] item: Leftovers\n|upkeep\n|turn|6\n|\n|t:|1778208975\n|move|p2a: Kingambit|Sucker Punch|p1a: Orthworm\n|-resisted|p1a: Orthworm\n|-damage|p1a: Orthworm|0 fnt\n|faint|p1a: Orthworm\n|\n|-heal|p2a: Kingambit|175/270|[from] item: Leftovers\n|upkeep\n|\n|t:|1778208995\n|switch|p1a: Darkrai|Darkrai, L77|234/234\n|turn|7\n|\n|t:|1778208999\n|move|p1a: Darkrai|Substitute|p1a: Darkrai\n|-start|p1a: Darkrai|Substitute\n|-damage|p1a: Darkrai|176/234\n|move|p2a: Kingambit|Iron Head|p1a: Darkrai\n|-end|p1a: Darkrai|Substitute\n|\n|-heal|p1a: Darkrai|190/234|[from] item: Leftovers\n|-heal|p2a: Kingambit|191/270|[from] item: Leftovers\n|upkeep\n|turn|8\n|inactive|Gryptfriend has 120 seconds left.\n|\n|t:|1778209011\n|move|p1a: Darkrai|Substitute|p1a: Darkrai\n|-start|p1a: Darkrai|Substitute\n|-damage|p1a: Darkrai|132/234\n|move|p2a: Kingambit|Iron Head|p1a: Darkrai\n|-end|p1a: Darkrai|Substitute\n|\n|-heal|p1a: Darkrai|146/234|[from] item: Leftovers\n|-heal|p2a: Kingambit|207/270|[from] item: Leftovers\n|upkeep\n|turn|9\n|\n|t:|1778209017\n|move|p1a: Darkrai|Dark Pulse|p2a: Kingambit\n|-damage|p2a: Kingambit|105/270\n|move|p2a: Kingambit|Iron Head|p1a: Darkrai\n|-damage|p1a: Darkrai|0 fnt\n|faint|p1a: Darkrai\n|\n|-heal|p2a: Kingambit|121/270|[from] item: Leftovers\n|upkeep\n|-message|Gryptfriend forfeited.\n|\n|win|Boomtown2012\n|raw|Gryptfriend's rating: 1384 &rarr; <strong>1362</strong><br />(-22 for losing)\n|raw|Boomtown2012's rating: 1356 &rarr; <strong>1378</strong><br />(+22 for winning)\n|l|\u2606Gryptfriend\n|player|p1|\n",
  "inputlog": ">version d3c0b4cf388ee6ae107ccf7216674edd176762ce\n>start {\"formatid\":\"gen9randombattle\",\"seed\":\"sodium,5811c00de2f1c98ce009186151d875a7\",\"rated\":\"Rated battle\"}\n>player p1 {\"name\":\"Gryptfriend\",\"avatar\":\"roughneck-gen4\",\"rating\":1384,\"seed\":\"sodium,3b445101f2c0719b605f3a7b1058f901\"}\n>player p2 {\"name\":\"Boomtown2012\",\"avatar\":\"lucas-gen4pt\",\"rating\":1356,\"seed\":\"sodium,554679c47c0e4a43ea037e2f6195ed4c\"}\n>p1 move spikes\n>p2 move swordsdance\n>p1 move bodypress terastallize\n>p2 move swordsdance terastallize\n>p1 move heavyslam\n>p2 move ironhead\n>p1 move spikes\n>p2 move suckerpunch\n>p1 move heavyslam\n>p2 move kowtowcleave\n>p1 move heavyslam\n>p2 move suckerpunch\n>p1 switch 4\n>p1 move substitute\n>p2 move ironhead\n>p1 move substitute\n>p2 move ironhead\n>p1 move darkpulse\n>p2 move ironhead\n>forcelose p1",
  "uploadtime": 1778209028,
  "views": 1,
  "formatid": "gen9randombattle",
  "rating": 1362,
  "private": 0,
  "password": null
}