{
  "id": "gen9randombattle-2604502898",
  "format": "[Gen 9] Random Battle",
  "players": [
    "Earlydinner2",
    "Oh didufgh"
  ],
  "log": "|j|\u2606Earlydinner2\n|j|\u2606Oh didufgh\n|t:|1778208802\n|gametype|singles\n|player|p1|Earlydinner2|gentleman|1764\n|player|p2|Oh didufgh|1|1838\n|gen|9\n|tier|[Gen 9] Random Battle\n|rated|\n|rule|Species Clause: Limit one of each Pok\u00e9mon\n|rule|HP Percentage Mod: HP is shown in percentages\n|rule|Sleep Clause Mod: Limit one foe put to sleep\n|rule|Illusion Level Mod: Illusion disguises the Pok\u00e9mon's true level\n|\n|t:|1778208802\n|teamsize|p1|6\n|teamsize|p2|6\n|start\n|switch|p1a: Golem|Golem-Alola, L93, M|300/300\n|switch|p2a: Terrakion|Terrakion, L79|273/273\n|turn|1\n|inactive|Battle timer is ON: inactive players will automatically lose when time's up. (requested by Oh didufgh)\n|\n|t:|1778208838\n|move|p2a: Terrakion|Earthquake|p1a: Golem\n|-supereffective|p1a: Golem\n|-damage|p1a: Golem|0 fnt\n|faint|p1a: Golem\n|\n|upkeep\n|\n|t:|1778208856\n|switch|p1a: Barraskewda|Barraskewda, L81, F|231/231\n|turn|2\n|\n|t:|1778208862\n|switch|p2a: Bronzong|Bronzong, L88|261/261\n|move|p1a: Barraskewda|Flip Turn|p2a: Bronzong\n|-damage|p2a: Bronzong|173/261\n|\n|t:|1778208868\n|switch|p1a: Galvantula|Galvantula, L82, M|249/249|[from] Flip Turn\n|\n|-heal|p2a: Bronzong|189/261|[from] item: Leftovers\n|upkeep\n|turn|3\n|\n|t:|1778208886\n|move|p1a: Galvantula|Sticky Web|p2a: Bronzong\n|-sidestart|p2: Oh didufgh|move: Sticky Web\n|move|p2a: Bronzong|Hypnosis|p1a: Galvantula|[miss]\n|-miss|p2a: Bronzong|p1a: Galvantula\n|\n|-heal|p2a: Bronzong|205/261|[from] item: Leftovers\n|upkeep\n|turn|4\n|\n|t:|1778208905\n|move|p1a: Galvantula|Volt Switch|p2a: Bronzong\n|-damage|p2a: Bronzong|154/261\n|\n|t:|1778208911\n|switch|p1a: Altaria|Altaria, L89, M|278/278|[from] Volt Switch\n|move|p2a: Bronzong|Stealth Rock|p1a: Altaria\n|-sidestart|p1: Earlydinner2|move: Stealth Rock\n|\n|-heal|p2a: Bronzong|170/261|[from] item: Leftovers\n|upkeep\n|turn|5\n|\n|t:|1778208924\n|move|p1a: Altaria|Defog|p2a: Bronzong\n|-unboost|p2a: Bronzong|evasion|1\n|-sideend|p2: Oh didufgh|Sticky Web|[from] move: Defog|[of] p1a: Altaria\n|-sideend|p1: Earlydinner2|Stealth Rock|[from] move: Defog|[of] p1a: Altaria\n|move|p2a: Bronzong|Psychic Noise|p1a: Altaria\n|-damage|p1a: Altaria|211/278\n|-start|p1a: Altaria|move: Heal Block\n|\n|-heal|p2a: Bronzong|186/261|[from] item: Leftovers\n|upkeep\n|turn|6\n|\n|t:|1778208944\n|switch|p1a: Registeel|Registeel, L81|262/262\n|move|p2a: Bronzong|Hypnosis|p1a: Registeel\n|-status|p1a: Registeel|slp|[from] move: Hypnosis\n|\n|-heal|p2a: Bronzong|202/261|[from] item: Leftovers\n|upkeep\n|turn|7\n|\n|t:|1778208953\n|cant|p1a: Registeel|slp\n|move|p2a: Bronzong|Earthquake|p1a: Registeel\n|-supereffective|p1a: Registeel\n|-damage|p1a: Registeel|166/262 slp\n|\n|-heal|p1a: Registeel|182/262 slp|[from] item: Leftovers\n|-heal|p2a: Bronzong|218/261|[from] item: Leftovers\n|upkeep\n|turn|8\n|inactive|Earlydinner2 has 120 seconds left.\n|\n|t:|1778208981\n|-curestatus|p1a: Registeel|slp|[msg]\n|move|p1a: Registeel|Thunder Wave|p2a: Bronzong\n|-status|p2a: Bronzong|par\n|move|p2a: Bronzong|Earthquake|p1a: Registeel\n|-supereffective|p1a: Registeel\n|-damage|p1a: Registeel|88/262\n|\n|-heal|p1a: Registeel|104/262|[from] item: Leftovers\n|-heal|p2a: Bronzong|234/261 par|[from] item: Leftovers\n|upkeep\n|turn|9\n|inactive|Earlydinner2 has 120 seconds left.\n|\n|t:|1778209008\n|switch|p1a: Altaria|Altaria, L89, M|211/278\n|cant|p2a: Bronzong|par\n|\n|-heal|p2a: Bronzong|250/261 par|[from] item: Leftovers\n|upkeep\n|turn|10\n|\n|t:|1778209022\n|move|p1a: Altaria|Brave Bird|p2a: Bronzong\n|-resisted|p2a: Bronzong\n|-crit|p2a: Bronzong\n|-damage|p2a: Bronzong|182/261 par\n|-damage|p1a: Altaria|189/278|[from] Recoil\n|move|p2a: Bronzong|Psychic Noise|p1a: Altaria\n|-crit|p1a: Altaria\n|-damage|p1a: Altaria|90/278\n|-start|p1a: Altaria|move: Heal Block\n|\n|-heal|p2a: Bronzong|198/261 par|[from] item: Leftovers\n|upkeep\n|turn|11\n|\n|t:|1778209040\n|switch|p1a: Galvantula|Galvantula, L82, M|249/249\n|move|p2a: Bronzong|Psychic Noise|p1a: Galvantula\n|-damage|p1a: Galvantula|141/249\n|-start|p1a: Galvantula|move: Heal Block\n|\n|-heal|p2a: Bronzong|214/261 par|[from] item: Leftovers\n|upkeep\n|turn|12\n|\n|t:|1778209050\n|move|p1a: Galvantula|Volt Switch|p2a: Bronzong\n|-damage|p2a: Bronzong|163/261 par\n|\n|t:|1778209054\n|switch|p1a: Altaria|Altaria, L89, M|90/278|[from] Volt Switch\n|move|p2a: Bronzong|Stealth Rock|p1a: Altaria\n|-sidestart|p1: Earlydinner2|move: Stealth Rock\n|\n|-heal|p2a: Bronzong|179/261 par|[from] item: Leftovers\n|upkeep\n|turn|13\n|\n|t:|1778209064\n|move|p1a: Altaria|Roost|p1a: Altaria\n|-heal|p1a: Altaria|229/278\n|-singleturn|p1a: Altaria|move: Roost\n|move|p2a: Bronzong|Earthquake|p1a: Altaria\n|-damage|p1a: Altaria|164/278\n|\n|-heal|p2a: Bronzong|195/261 par|[from] item: Leftovers\n|upkeep\n|turn|14\n|\n|t:|1778209075\n|move|p1a: Altaria|Roost|p1a: Altaria\n|-heal|p1a: Altaria|278/278\n|-singleturn|p1a: Altaria|move: Roost\n|move|p2a: Bronzong|Psychic Noise|p1a: Altaria\n|-damage|p1a: Altaria|211/278\n|-start|p1a: Altaria|move: Heal Block\n|\n|-heal|p2a: Bronzong|211/261 par|[from] item: Leftovers\n|upkeep\n|turn|15\n|inactive|Earlydinner2 has 90 seconds left.\n|\n|t:|1778209111\n|switch|p1a: Barraskewda|Barraskewda, L81, F|231/231\n|-damage|p1a: Barraskewda|203/231|[from] Stealth Rock\n|move|p2a: Bronzong|Hypnosis|p1a: Barraskewda|[miss]\n|-miss|p2a: Bronzong|p1a: Barraskewda\n|\n|-heal|p2a: Bronzong|227/261 par|[from] item: Leftovers\n|upkeep\n|turn|16\n|\n|t:|1778209121\n|move|p1a: Barraskewda|Waterfall|p2a: Bronzong\n|-damage|p2a: Bronzong|122/261 par\n|move|p2a: Bronzong|Psychic Noise|p1a: Barraskewda\n|-damage|p1a: Barraskewda|94/231\n|-start|p1a: Barraskewda|move: Heal Block\n|\n|-heal|p2a: Bronzong|138/261 par|[from] item: Leftovers\n|upkeep\n|turn|17\n|\n|t:|1778209132\n|move|p1a: Barraskewda|Waterfall|p2a: Bronzong\n|-damage|p2a: Bronzong|35/261 par\n|cant|p2a: Bronzong|par\n|\n|-heal|p2a: Bronzong|51/261 par|[from] item: Leftovers\n|-end|p1a: Barraskewda|move: Heal Block\n|upkeep\n|turn|18\n|\n|t:|1778209141\n|move|p1a: Barraskewda|Waterfall|p2a: Bronzong\n|-damage|p2a: Bronzong|0 fnt\n|faint|p2a: Bronzong\n|\n|upkeep\n|\n|t:|1778209143\n|switch|p2a: Miraidon|Miraidon, L65|238/238\n|-fieldstart|move: Electric Terrain|[from] ability: Hadron Engine|[of] p2a: Miraidon\n|turn|19\n|inactive|Earlydinner2 has 90 seconds left.\n|\n|t:|1778209159\n|switch|p1a: Registeel|Registeel, L81|104/262\n|-damage|p1a: Registeel|88/262|[from] Stealth Rock\n|move|p2a: Miraidon|Calm Mind|p2a: Miraidon\n|-boost|p2a: Miraidon|spa|1\n|-boost|p2a: Miraidon|spd|1\n|\n|-heal|p1a: Registeel|104/262|[from] item: Leftovers\n|upkeep\n|turn|20\n|inactive|Earlydinner2 has 90 seconds left.\n|\n|t:|1778209170\n|move|p2a: Miraidon|Electro Drift|p1a: Registeel\n|-damage|p1a: Registeel|0 fnt\n|faint|p1a: Registeel\n|-damage|p2a: Miraidon|215/238|[from] item: Life Orb\n|\n|upkeep\n|\n|t:|1778209193\n|switch|p1a: Cobalion|Cobalion, L80|277/277\n|-damage|p1a: Cobalion|269/277|[from] Stealth Rock\n|turn|21\n|\n|t:|1778209200\n|-terastallize|p2a: Miraidon|Electric\n|move|p1a: Cobalion|Calm Mind|p1a: Cobalion\n|-boost|p1a: Cobalion|spa|1\n|-boost|p1a: Cobalion|spd|1\n|move|p2a: Miraidon|Electro Drift|p1a: Cobalion\n|-damage|p1a: Cobalion|0 fnt\n|faint|p1a: Cobalion\n|-damage|p2a: Miraidon|192/238|[from] item: Life Orb\n|\n|upkeep\n|\n|t:|1778209214\n|switch|p1a: Barraskewda|Barraskewda, L81, F|94/231\n|-damage|p1a: Barraskewda|66/231|[from] Stealth Rock\n|turn|22\n|\n|t:|1778209220\n|-terastallize|p1a: Barraskewda|Fighting\n|move|p1a: Barraskewda|Close Combat|p2a: Miraidon\n|-damage|p2a: Miraidon|0 fnt\n|-unboost|p1a: Barraskewda|def|1\n|-unboost|p1a: Barraskewda|spd|1\n|faint|p2a: Miraidon\n|\n|upkeep\n|\n|t:|1778209224\n|switch|p2a: Pelipper|Pelipper, L86, F|243/243\n|-weather|RainDance|[from] ability: Drizzle|[of] p2a: Pelipper\n|turn|23\n|\n|t:|1778209237\n|switch|p1a: Altaria|Altaria, L89, M|211/278\n|move|p2a: Pelipper|U-turn|p1a: Altaria\n|-resisted|p1a: Altaria\n|-damage|p1a: Altaria|197/278\n|\n|t:|1778209245\n|switch|p2a: Mightyena|Mightyena, L96, M|290/290|[from] U-turn\n|-ability|p2a: Mightyena|Intimidate|boost\n|-unboost|p1a: Altaria|atk|1\n|\n|-weather|RainDance|[upkeep]\n|-fieldend|move: Electric Terrain\n|upkeep\n|turn|24\n|inactive|Earlydinner2 has 90 seconds left.\n|\n|t:|1778209258\n|move|p1a: Altaria|Defog|p2a: Mightyena\n|-unboost|p2a: Mightyena|evasion|1\n|-sideend|p1: Earlydinner2|Stealth Rock|[from] move: Defog|[of] p1a: Altaria\n|move|p2a: Mightyena|Play Rough|p1a: Altaria\n|-supereffective|p1a: Altaria\n|-damage|p1a: Altaria|45/278\n|\n|-weather|RainDance|[upkeep]\n|upkeep\n|turn|25\n|inactive|Earlydinner2 has 90 seconds left.\n|\n|t:|1778209272\n|switch|p1a: Galvantula|Galvantula, L82, M|141/249\n|move|p2a: Mightyena|Throat Chop|p1a: Galvantula\n|-damage|p1a: Galvantula|0 fnt\n|faint|p1a: Galvantula\n|\n|-weather|RainDance|[upkeep]\n|upkeep\n|\n|t:|1778209282\n|switch|p1a: Barraskewda|Barraskewda, L81, F, tera:Fighting|66/231\n|turn|26\n|inactive|Earlydinner2 has 90 seconds left.\n|\n|t:|1778209288\n|move|p2a: Mightyena|Sucker Punch|p1a: Barraskewda\n|-resisted|p1a: Barraskewda\n|-damage|p1a: Barraskewda|1/231\n|move|p1a: Barraskewda|Waterfall|p2a: Mightyena\n|-damage|p2a: Mightyena|61/290\n|\n|-weather|RainDance|[upkeep]\n|upkeep\n|turn|27\n|inactive|Earlydinner2 has 90 seconds left.\n|\n|t:|1778209299\n|switch|p1a: Altaria|Altaria, L89, M|45/278\n|move|p2a: Mightyena|Poison Fang|p1a: Altaria\n|-damage|p1a: Altaria|5/278\n|-status|p1a: Altaria|tox\n|\n|-weather|none\n|-damage|p1a: Altaria|0 fnt|[from] psn\n|faint|p1a: Altaria\n|upkeep\n|inactive|Earlydinner2 has 90 seconds left.\n|-message|Earlydinner2 forfeited.\n|\n|win|Oh didufgh\n|raw|Earlydinner2's rating: 1764 &rarr; <strong>1748</strong><br />(-16 for losing)\n|raw|Oh didufgh's rating: 1838 &rarr; <strong>1854</strong><br />(+16 for winning)\n|l|\u2606Earlydinner2\n|player|p1|\n",
  "inputlog": ">version d3c0b4cf388ee6ae107ccf7216674edd176762ce\n>start {\"formatid\":\"gen9randombattle\",\"seed\":\"sodium,a48a22c243cfa7e110dc63d694b2774b\",\"rated\":\"Rated battle\"}\n>player p1 {\"name\":\"Earlydinner2\",\"avatar\":\"gentleman\",\"rating\":1764,\"seed\":\"sodium,1f50ac88f0caa940b49fc4536c61e4ca\"}\n>player p2 {\"name\":\"Oh didufgh\",\"avatar\":\"1\",\"rating\":1838,\"seed\":\"sodium,aa8f6d9e68fdc744e043f9e84d68e832\"}\n>p1 move rockpolish\n>p2 move earthquake\n>p1 switch 4\n>p1 move flipturn\n>p2 switch 6\n>p1 switch 3\n>p1 move stickyweb\n>p2 move hypnosis\n>p1 move voltswitch\n>p2 move stealthrock\n>p1 switch 5\n>p1 move defog\n>p2 move psychicnoise\n>p1 switch 6\n>p2 move hypnosis\n>p1 move thunderwave\n>p2 move earthquake\n>p1 move thunderwave\n>p2 move earthquake\n>p1 switch 6\n>p2 move hypnosis\n>p1 move bravebird\n>p2 move psychicnoise\n>p1 switch 5\n>p2 move psychicnoise\n>p1 move voltswitch\n>p2 move stealthrock\n>p1 switch 5\n>p1 move roost\n>p2 move earthquake\n>p1 move roost\n>p2 move psychicnoise\n>p1 switch 3\n>p2 move hypnosis\n>p1 move waterfall\n>p2 move psychicnoise\n>p1 move waterfall\n>p2 move psychicnoise\n>p1 move waterfall\n>p2 move psychicnoise\n>p2 switch 3\n>p1 switch 6\n>p2 move calmmind\n>p1 move bodypress\n>p2 move electrodrift\n>p1 switch 2\n>p1 move calmmind\n>p2 move electrodrift terastallize\n>p1 switch 6\n>p1 move closecombat terastallize\n>p2 move dragonpulse\n>p2 switch 2\n>p1 switch 3\n>p2 move uturn\n>p2 switch 5\n>p1 move defog\n>p2 move playrough\n>p1 switch 5\n>p2 move throatchop\n>p1 switch 3\n>p1 move waterfall\n>p2 move suckerpunch\n>p1 switch 5\n>p2 move poisonfang\n>forcelose p1",
  "uploadtime": 1778209329,
  "views": 2,
  "formatid": "gen9randombattle",
  "rating": 1748,
  "private": 0,
  "password": null
}