{
  "id": "gen9randombattle-2604522465",
  "format": "[Gen 9] Random Battle",
  "players": [
    "MGBR LucasBicalho",
    "nuubs"
  ],
  "log": "|j|\u2606MGBR LucasBicalho\n|j|\u2606nuubs\n|t:|1778211166\n|gametype|singles\n|player|p1|MGBR LucasBicalho|thorton|2152\n|player|p2|nuubs|169|2208\n|gen|9\n|tier|[Gen 9] Random Battle\n|rated|\n|rule|Species Clause: Limit one of each Pok\u00e9mon\n|rule|HP Percentage Mod: HP is shown in percentages\n|rule|Sleep Clause Mod: Limit one foe put to sleep\n|rule|Illusion Level Mod: Illusion disguises the Pok\u00e9mon's true level\n|\n|t:|1778211166\n|teamsize|p1|6\n|teamsize|p2|6\n|start\n|switch|p1a: Plusle|Plusle, L95, F|268/268\n|switch|p2a: Swalot|Swalot, L90, F|326/326\n|turn|1\n|\n|t:|1778211191\n|move|p1a: Plusle|Nasty Plot|p1a: Plusle\n|-boost|p1a: Plusle|spa|2\n|move|p2a: Swalot|Sludge Bomb|p1a: Plusle\n|-damage|p1a: Plusle|183/268\n|\n|upkeep\n|turn|2\n|inactive|Battle timer is ON: inactive players will automatically lose when time's up. (requested by MGBR LucasBicalho)\n|\n|t:|1778211194\n|move|p1a: Plusle|Thunderbolt|p2a: Swalot\n|-damage|p2a: Swalot|69/326\n|-damage|p1a: Plusle|157/268|[from] item: Life Orb\n|move|p2a: Swalot|Clear Smog|p1a: Plusle\n|-damage|p1a: Plusle|103/268\n|-clearboost|p1a: Plusle\n|\n|-heal|p2a: Swalot|89/326|[from] item: Leftovers\n|upkeep\n|turn|3\n|\n|t:|1778211204\n|switch|p2a: Piloswine|Piloswine, L85, F|309/309\n|move|p1a: Plusle|Thunderbolt|p2a: Piloswine\n|-immune|p2a: Piloswine\n|\n|upkeep\n|turn|4\n|\n|t:|1778211208\n|switch|p2a: Swalot|Swalot, L90, F|89/326\n|move|p1a: Plusle|Grass Knot|p2a: Swalot\n|-resisted|p2a: Swalot\n|-damage|p2a: Swalot|51/326\n|-damage|p1a: Plusle|77/268|[from] item: Life Orb\n|\n|-heal|p2a: Swalot|71/326|[from] item: Leftovers\n|upkeep\n|turn|5\n|\n|t:|1778211212\n|move|p1a: Plusle|Grass Knot|p2a: Swalot\n|-resisted|p2a: Swalot\n|-damage|p2a: Swalot|29/326\n|-damage|p1a: Plusle|51/268|[from] item: Life Orb\n|move|p2a: Swalot|Clear Smog|p1a: Plusle\n|-damage|p1a: Plusle|3/268\n|-clearboost|p1a: Plusle\n|\n|-heal|p2a: Swalot|49/326|[from] item: Leftovers\n|upkeep\n|turn|6\n|\n|t:|1778211215\n|move|p1a: Plusle|Grass Knot|p2a: Swalot\n|-resisted|p2a: Swalot\n|-damage|p2a: Swalot|4/326\n|-damage|p1a: Plusle|0 fnt|[from] item: Life Orb\n|faint|p1a: Plusle\n|move|p2a: Swalot|Clear Smog|p1: Plusle|[notarget]\n|-fail|p2a: Swalot\n|\n|-heal|p2a: Swalot|24/326|[from] item: Leftovers\n|upkeep\n|\n|t:|1778211220\n|switch|p1a: Komala|Komala, L88, F|258/258\n|-ability|p1a: Komala|Comatose\n|turn|7\n|\n|t:|1778211228\n|move|p1a: Komala|Rapid Spin|p2a: Swalot\n|-damage|p2a: Swalot|0 fnt\n|-boost|p1a: Komala|spe|1\n|faint|p2a: Swalot\n|\n|upkeep\n|\n|t:|1778211231\n|switch|p2a: Piloswine|Piloswine, L85, F|309/309\n|turn|8\n|\n|t:|1778211235\n|move|p1a: Komala|Knock Off|p2a: Piloswine\n|-damage|p2a: Piloswine|250/309\n|-enditem|p2a: Piloswine|Eviolite|[from] move: Knock Off|[of] p1a: Komala\n|move|p2a: Piloswine|Earthquake|p1a: Komala\n|-damage|p1a: Komala|119/258\n|\n|upkeep\n|turn|9\n|\n|t:|1778211239\n|switch|p1a: Rillaboom|Rillaboom, L79, F|288/288\n|-fieldstart|move: Grassy Terrain|[from] ability: Grassy Surge|[of] p1a: Rillaboom\n|move|p2a: Piloswine|Earthquake|p1a: Rillaboom\n|-resisted|p1a: Rillaboom\n|-damage|p1a: Rillaboom|261/288\n|\n|-heal|p1a: Rillaboom|279/288|[from] Grassy Terrain\n|-heal|p2a: Piloswine|269/309|[from] Grassy Terrain\n|upkeep\n|turn|10\n|\n|t:|1778211247\n|switch|p2a: Cinderace|Cinderace, L77, F|249/249\n|move|p1a: Rillaboom|Wood Hammer|p2a: Cinderace\n|-resisted|p2a: Cinderace\n|-damage|p2a: Cinderace|116/249\n|-damage|p1a: Rillaboom|235/288|[from] Recoil\n|-damage|p1a: Rillaboom|207/288|[from] item: Life Orb\n|\n|-heal|p2a: Cinderace|131/249|[from] Grassy Terrain\n|-heal|p1a: Rillaboom|225/288|[from] Grassy Terrain\n|upkeep\n|turn|11\n|\n|t:|1778211252\n|switch|p1a: Typhlosion|Typhlosion, L84, F|267/267\n|move|p2a: Cinderace|Pyro Ball|p1a: Typhlosion\n|-start|p1a: Typhlosion|ability: Flash Fire\n|\n|-heal|p2a: Cinderace|146/249|[from] Grassy Terrain\n|upkeep\n|turn|12\n|\n|t:|1778211260\n|switch|p2a: Iron Moth|Iron Moth, L78|253/253\n|move|p1a: Typhlosion|Eruption|p2a: Iron Moth\n|-resisted|p2a: Iron Moth\n|-damage|p2a: Iron Moth|68/253\n|\n|-heal|p2a: Iron Moth|83/253|[from] Grassy Terrain\n|upkeep\n|turn|13\n|\n|t:|1778211265\n|-end|p1a: Typhlosion|ability: Flash Fire|[silent]\n|switch|p1a: Komala|Komala, L88, F|119/258\n|-ability|p1a: Komala|Comatose\n|move|p2a: Iron Moth|Sludge Wave|p1a: Komala\n|-damage|p1a: Komala|52/258\n|\n|-heal|p2a: Iron Moth|98/253|[from] Grassy Terrain\n|-heal|p1a: Komala|68/258|[from] Grassy Terrain\n|-fieldend|move: Grassy Terrain\n|upkeep\n|turn|14\n|\n|t:|1778211271\n|move|p2a: Iron Moth|Fire Blast|p1a: Komala\n|-damage|p1a: Komala|0 fnt\n|faint|p1a: Komala\n|\n|upkeep\n|\n|t:|1778211274\n|switch|p1a: Entei|Entei, L78|307/307\n|turn|15\n|\n|t:|1778211280\n|-end|p2a: Iron Moth|Quark Drive|[silent]\n|switch|p2a: Piloswine|Piloswine, L85, F|269/309\n|move|p1a: Entei|Extreme Speed|p2a: Piloswine\n|-damage|p2a: Piloswine|182/309\n|\n|upkeep\n|turn|16\n|\n|t:|1778211284\n|move|p1a: Entei|Extreme Speed|p2a: Piloswine\n|-damage|p2a: Piloswine|93/309\n|move|p2a: Piloswine|Stealth Rock|p1a: Entei\n|-sidestart|p1: MGBR LucasBicalho|move: Stealth Rock\n|\n|upkeep\n|turn|17\n|\n|t:|1778211288\n|-terastallize|p1a: Entei|Normal\n|move|p1a: Entei|Extreme Speed|p2a: Piloswine\n|-damage|p2a: Piloswine|0 fnt\n|faint|p2a: Piloswine\n|\n|upkeep\n|\n|t:|1778211292\n|switch|p2a: Mabosstiff|Mabosstiff, L86, M|278/278\n|turn|18\n|\n|t:|1778211295\n|move|p1a: Entei|Extreme Speed|p2a: Mabosstiff\n|-damage|p2a: Mabosstiff|149/278\n|move|p2a: Mabosstiff|Crunch|p1a: Entei\n|-damage|p1a: Entei|123/307\n|-unboost|p1a: Entei|def|1\n|\n|upkeep\n|turn|19\n|\n|t:|1778211300\n|move|p1a: Entei|Extreme Speed|p2a: Mabosstiff\n|-damage|p2a: Mabosstiff|25/278\n|move|p2a: Mabosstiff|Crunch|p1a: Entei\n|-damage|p1a: Entei|0 fnt\n|faint|p1a: Entei\n|\n|upkeep\n|\n|t:|1778211306\n|switch|p1a: Rillaboom|Rillaboom, L79, F|225/288\n|-damage|p1a: Rillaboom|189/288|[from] Stealth Rock\n|-fieldstart|move: Grassy Terrain|[from] ability: Grassy Surge|[of] p1a: Rillaboom\n|turn|20\n|\n|t:|1778211311\n|move|p2a: Mabosstiff|Crunch|p1a: Rillaboom\n|-damage|p1a: Rillaboom|32/288\n|move|p1a: Rillaboom|Swords Dance|p1a: Rillaboom\n|-boost|p1a: Rillaboom|atk|2\n|\n|-heal|p2a: Mabosstiff|42/278|[from] Grassy Terrain\n|-heal|p1a: Rillaboom|50/288|[from] Grassy Terrain\n|upkeep\n|turn|21\n|\n|t:|1778211314\n|move|p1a: Rillaboom|Grassy Glide|p2a: Mabosstiff\n|-damage|p2a: Mabosstiff|0 fnt\n|faint|p2a: Mabosstiff\n|-damage|p1a: Rillaboom|22/288|[from] item: Life Orb\n|\n|-heal|p1a: Rillaboom|40/288|[from] Grassy Terrain\n|upkeep\n|\n|t:|1778211316\n|switch|p2a: Iron Moth|Iron Moth, L78|98/253\n|turn|22\n|\n|t:|1778211319\n|move|p1a: Rillaboom|Grassy Glide|p2a: Iron Moth\n|-resisted|p2a: Iron Moth\n|-damage|p2a: Iron Moth|19/253\n|-damage|p1a: Rillaboom|12/288|[from] item: Life Orb\n|move|p2a: Iron Moth|Sludge Wave|p1a: Rillaboom\n|-supereffective|p1a: Rillaboom\n|-damage|p1a: Rillaboom|0 fnt\n|faint|p1a: Rillaboom\n|\n|-heal|p2a: Iron Moth|34/253|[from] Grassy Terrain\n|upkeep\n|\n|t:|1778211328\n|switch|p1a: Typhlosion|Typhlosion, L84, F|267/267\n|-damage|p1a: Typhlosion|201/267|[from] Stealth Rock\n|turn|23\n|\n|t:|1778211335\n|move|p2a: Iron Moth|Morning Sun|p2a: Iron Moth\n|-heal|p2a: Iron Moth|160/253\n|move|p1a: Typhlosion|Scorching Sands|p2a: Iron Moth\n|-supereffective|p2a: Iron Moth\n|-damage|p2a: Iron Moth|0 fnt\n|faint|p2a: Iron Moth\n|-end|p2a: Iron Moth|Quark Drive|[silent]\n|\n|-heal|p1a: Typhlosion|217/267|[from] Grassy Terrain\n|upkeep\n|\n|t:|1778211341\n|switch|p2a: Cinderace|Cinderace, L77, F|146/249\n|turn|24\n|\n|t:|1778211346\n|move|p2a: Cinderace|High Jump Kick|p1a: Typhlosion\n|-start|p2a: Cinderace|typechange|Fighting|[from] ability: Libero\n|-damage|p1a: Typhlosion|15/267\n|move|p1a: Typhlosion|Scorching Sands|p2a: Cinderace\n|-damage|p2a: Cinderace|56/249\n|-status|p2a: Cinderace|brn\n|\n|-heal|p2a: Cinderace|71/249 brn|[from] Grassy Terrain\n|-heal|p1a: Typhlosion|31/267|[from] Grassy Terrain\n|-damage|p2a: Cinderace|56/249 brn|[from] brn\n|-fieldend|move: Grassy Terrain\n|upkeep\n|turn|25\n|\n|t:|1778211353\n|switch|p2a: Flygon|Flygon, L82, F|265/265\n|switch|p1a: Sinistcha|Sinistcha-Masterpiece, L83|254/254\n|-damage|p1a: Sinistcha|223/254|[from] Stealth Rock\n|\n|-heal|p1a: Sinistcha|238/254|[from] item: Leftovers\n|upkeep\n|turn|26\n|\n|t:|1778211358\n|move|p2a: Flygon|Outrage|p1a: Sinistcha\n|-damage|p1a: Sinistcha|81/254\n|move|p1a: Sinistcha|Calm Mind|p1a: Sinistcha\n|-boost|p1a: Sinistcha|spa|1\n|-boost|p1a: Sinistcha|spd|1\n|\n|-heal|p1a: Sinistcha|96/254|[from] item: Leftovers\n|upkeep\n|turn|27\n|\n|t:|1778211366\n|move|p2a: Flygon|Outrage|p1a: Sinistcha|[from] lockedmove\n|-damage|p1a: Sinistcha|0 fnt\n|faint|p1a: Sinistcha\n|\n|upkeep\n|\n|t:|1778211368\n|switch|p1a: Typhlosion|Typhlosion, L84, F|31/267\n|-damage|p1a: Typhlosion|0 fnt|[from] Stealth Rock\n|faint|p1a: Typhlosion\n|\n|win|nuubs\n|raw|MGBR LucasBicalho's rating: 2152 &rarr; <strong>2135</strong><br />(-17 for losing)\n|raw|nuubs's rating: 2208 &rarr; <strong>2225</strong><br />(+17 for winning)\n",
  "inputlog": ">version d3c0b4cf388ee6ae107ccf7216674edd176762ce\n>start {\"formatid\":\"gen9randombattle\",\"seed\":\"sodium,da6f7b850ece18c47f2b11bcfe31d6f6\",\"rated\":\"Rated battle\"}\n>player p1 {\"name\":\"MGBR LucasBicalho\",\"avatar\":\"thorton\",\"rating\":2152,\"seed\":\"sodium,69146846f98c815a7d23c7e6635dd05a\"}\n>player p2 {\"name\":\"nuubs\",\"avatar\":\"169\",\"rating\":2208,\"seed\":\"sodium,2cad06154f6b4f8d03947e0b81c69bb4\"}\n>p1 move nastyplot\n>p2 move sludgebomb\n>p1 move thunderbolt\n>p2 move clearsmog\n>p1 move thunderbolt\n>p2 switch 6\n>p1 move grassknot\n>p2 switch 6\n>p1 move grassknot\n>p2 move clearsmog\n>p1 move grassknot\n>p2 move clearsmog\n>p1 switch 3\n>p1 move rapidspin\n>p2 move painsplit\n>p2 switch 6\n>p1 move knockoff\n>p2 move earthquake\n>p1 switch 6\n>p2 move earthquake\n>p1 move woodhammer\n>p2 switch 5\n>p1 switch 5\n>p2 move pyroball\n>p1 move eruption\n>p2 switch 3\n>p1 switch 6\n>p2 move sludgewave\n>p1 move earthquake\n>p2 move fireblast\n>p1 switch 4\n>p1 move extremespeed\n>p2 switch 5\n>p1 move extremespeed\n>p2 move stealthrock\n>p1 move extremespeed terastallize\n>p2 move earthquake\n>p2 switch 4\n>p1 move extremespeed\n>p2 move crunch\n>p1 move extremespeed\n>p2 move crunch\n>p1 switch 5\n>p1 move swordsdance\n>p2 move crunch\n>p1 move grassyglide\n>p2 move crunch\n>p2 switch 5\n>p1 move grassyglide\n>p2 move sludgewave\n>p1 switch 6\n>p1 move scorchingsands\n>p2 move morningsun\n>p2 switch 3\n>p1 move scorchingsands\n>p2 move highjumpkick\n>p1 switch 2\n>p2 switch 2\n>p1 move calmmind\n>p2 move outrage\n>p1 move strengthsap\n>p2 move outrage\n>p1 switch 2",
  "uploadtime": 1778211368,
  "views": 2,
  "formatid": "gen9randombattle",
  "rating": 2135,
  "private": 0,
  "password": null
}