{
  "id": "gen9randombattle-2604499662",
  "format": "[Gen 9] Random Battle",
  "players": [
    "Folly Red",
    "BeanSmallWall17"
  ],
  "log": "|j|\u2606Folly Red\n|j|\u2606BeanSmallWall17\n|t:|1778208428\n|gametype|singles\n|player|p1|Folly Red|1|1912\n|player|p2|BeanSmallWall17|265|1906\n|gen|9\n|tier|[Gen 9] Random Battle\n|rated|\n|rule|Species Clause: Limit one of each Pok\u00e9mon\n|rule|HP Percentage Mod: HP is shown in percentages\n|rule|Sleep Clause Mod: Limit one foe put to sleep\n|rule|Illusion Level Mod: Illusion disguises the Pok\u00e9mon's true level\n|\n|t:|1778208428\n|teamsize|p1|6\n|teamsize|p2|6\n|start\n|switch|p1a: Glastrier|Glastrier, L86|311/311\n|switch|p2a: Giratina|Giratina, L75|349/349\n|-ability|p2a: Giratina|Pressure\n|turn|1\n|inactive|Battle timer is ON: inactive players will automatically lose when time's up. (requested by BeanSmallWall17)\n|\n|t:|1778208448\n|move|p1a: Glastrier|Icicle Crash|p2a: Giratina\n|-supereffective|p2a: Giratina\n|-damage|p2a: Giratina|23/349\n|move|p2a: Giratina|Dragon Tail|p1a: Glastrier\n|-damage|p1a: Glastrier|269/311\n|drag|p1a: Probopass|Probopass, L91, F|257/257\n|\n|-heal|p2a: Giratina|44/349|[from] item: Leftovers\n|upkeep\n|turn|2\n|\n|t:|1778208470\n|switch|p1a: Glastrier|Glastrier, L86|269/311\n|move|p2a: Giratina|Rest|p2a: Giratina\n|-status|p2a: Giratina|slp|[from] move: Rest\n|-heal|p2a: Giratina|349/349 slp|[silent]\n|\n|upkeep\n|turn|3\n|\n|t:|1778208479\n|switch|p2a: Ampharos|Ampharos, L88, M|302/302\n|move|p1a: Glastrier|Icicle Crash|p2a: Ampharos\n|-damage|p2a: Ampharos|103/302\n|\n|upkeep\n|turn|4\n|\n|t:|1778208488\n|move|p2a: Ampharos|Focus Blast|p1a: Glastrier|[miss]\n|-miss|p2a: Ampharos|p1a: Glastrier\n|move|p1a: Glastrier|Icicle Crash|p2a: Ampharos\n|-damage|p2a: Ampharos|0 fnt\n|faint|p2a: Ampharos\n|-ability|p1a: Glastrier|Chilling Neigh|boost\n|-boost|p1a: Glastrier|atk|1\n|\n|upkeep\n|\n|t:|1778208492\n|switch|p2a: Ho-Oh|Ho-Oh, L71|268/268\n|turn|5\n|\n|t:|1778208500\n|move|p2a: Ho-Oh|Sacred Fire|p1a: Glastrier\n|-supereffective|p1a: Glastrier\n|-damage|p1a: Glastrier|135/311\n|-status|p1a: Glastrier|brn\n|move|p1a: Glastrier|Icicle Crash|p2a: Ho-Oh\n|-damage|p2a: Ho-Oh|94/268\n|\n|-damage|p1a: Glastrier|116/311 brn|[from] brn\n|upkeep\n|turn|6\n|\n|t:|1778208510\n|move|p2a: Ho-Oh|Sacred Fire|p1a: Glastrier\n|-supereffective|p1a: Glastrier\n|-damage|p1a: Glastrier|0 fnt\n|faint|p1a: Glastrier\n|\n|upkeep\n|\n|t:|1778208519\n|switch|p1a: Iron Leaves|Iron Leaves, L80|275/275\n|turn|7\n|\n|t:|1778208540\n|switch|p2a: Giratina|Giratina, L75|349/349 slp\n|-ability|p2a: Giratina|Pressure\n|move|p1a: Iron Leaves|Psyblade|p2a: Giratina\n|-crit|p2a: Giratina\n|-damage|p2a: Giratina|188/349 slp\n|-damage|p1a: Iron Leaves|248/275|[from] item: Life Orb\n|\n|-heal|p2a: Giratina|209/349 slp|[from] item: Leftovers\n|upkeep\n|turn|8\n|\n|t:|1778208550\n|move|p1a: Iron Leaves|Swords Dance|p1a: Iron Leaves\n|-boost|p1a: Iron Leaves|atk|2\n|cant|p2a: Giratina|slp\n|\n|-heal|p2a: Giratina|230/349 slp|[from] item: Leftovers\n|upkeep\n|turn|9\n|\n|t:|1778208556\n|move|p1a: Iron Leaves|Psyblade|p2a: Giratina\n|-damage|p2a: Giratina|0 fnt\n|faint|p2a: Giratina\n|-damage|p1a: Iron Leaves|221/275|[from] item: Life Orb\n|\n|upkeep\n|\n|t:|1778208561\n|switch|p2a: Sawsbuck|Sawsbuck-Autumn, L88, M|284/284\n|turn|10\n|\n|t:|1778208570\n|move|p2a: Sawsbuck|Double-Edge|p1a: Iron Leaves\n|-damage|p1a: Iron Leaves|30/275\n|-damage|p2a: Sawsbuck|221/284|[from] Recoil\n|-damage|p2a: Sawsbuck|193/284|[from] item: Life Orb\n|move|p1a: Iron Leaves|Psyblade|p2a: Sawsbuck\n|-damage|p2a: Sawsbuck|0 fnt\n|faint|p2a: Sawsbuck\n|-damage|p1a: Iron Leaves|3/275|[from] item: Life Orb\n|\n|upkeep\n|\n|t:|1778208573\n|switch|p2a: Wugtrio|Wugtrio, L91, M|212/212\n|turn|11\n|\n|t:|1778208578\n|move|p2a: Wugtrio|Liquidation|p1a: Iron Leaves\n|-resisted|p1a: Iron Leaves\n|-damage|p1a: Iron Leaves|0 fnt\n|faint|p1a: Iron Leaves\n|-end|p1a: Iron Leaves|Quark Drive|[silent]\n|\n|upkeep\n|\n|t:|1778208583\n|switch|p1a: Dragapult|Dragapult, L77, M|262/262\n|turn|12\n|\n|t:|1778208588\n|switch|p2a: Blissey|Blissey, L85, F|572/572\n|move|p1a: Dragapult|Shadow Ball|p2a: Blissey\n|-immune|p2a: Blissey\n|\n|upkeep\n|turn|13\n|\n|t:|1778208596\n|switch|p1a: Archaludon|Archaludon, L78, F|268/268\n|move|p2a: Blissey|Thunder Wave|p1a: Archaludon\n|-status|p1a: Archaludon|par\n|-enditem|p1a: Archaludon|Lum Berry|[eat]\n|-curestatus|p1a: Archaludon|par|[msg]\n|\n|upkeep\n|turn|14\n|\n|t:|1778208604\n|switch|p2a: Ho-Oh|Ho-Oh, L71|183/268\n|move|p1a: Archaludon|Swords Dance|p1a: Archaludon\n|-boost|p1a: Archaludon|atk|2\n|\n|upkeep\n|turn|15\n|\n|t:|1778208611\n|move|p1a: Archaludon|Outrage|p2a: Ho-Oh\n|-damage|p2a: Ho-Oh|0 fnt\n|faint|p2a: Ho-Oh\n|\n|upkeep\n|-message|BeanSmallWall17 forfeited.\n|\n|win|Folly Red\n|raw|Folly Red's rating: 1912 &rarr; <strong>1932</strong><br />(+20 for winning)\n|raw|BeanSmallWall17's rating: 1906 &rarr; <strong>1886</strong><br />(-20 for losing)\n",
  "inputlog": ">version d3c0b4cf388ee6ae107ccf7216674edd176762ce\n>start {\"formatid\":\"gen9randombattle\",\"seed\":\"sodium,15b75e2579fbefed52b328bf73b3da7c\",\"rated\":\"Rated battle\"}\n>player p1 {\"name\":\"Folly Red\",\"avatar\":\"1\",\"rating\":1912,\"seed\":\"sodium,ec6222960138908611b1f100a6cca8ba\"}\n>player p2 {\"name\":\"BeanSmallWall17\",\"avatar\":\"265\",\"rating\":1906,\"seed\":\"sodium,79176fff1c7ad94db5bfa0d566d6a748\"}\n>p1 move iciclecrash\n>p2 move dragontail\n>p1 switch 5\n>p2 move rest\n>p1 move iciclecrash\n>p2 switch 4\n>p1 move iciclecrash\n>p2 move focusblast\n>p2 switch 5\n>p1 move iciclecrash\n>p2 move sacredfire\n>p1 move iciclecrash\n>p2 move sacredfire\n>p1 switch 4\n>p1 move psyblade\n>p2 switch 4\n>p1 move swordsdance\n>p2 move shadowball\n>p1 move psyblade\n>p2 move dragontail\n>p2 switch 2\n>p1 move psyblade\n>p2 move doubleedge\n>p2 switch 6\n>p1 move leafblade\n>p2 move liquidation\n>p1 switch 3\n>p1 move shadowball\n>p2 switch 3\n>p1 switch 6\n>p2 move thunderwave\n>p1 move swordsdance\n>p2 switch 4\n>p1 move outrage\n>p2 move sacredfire\n>forcelose p2",
  "uploadtime": 1778208618,
  "views": 1,
  "formatid": "gen9randombattle",
  "rating": 1886,
  "private": 0,
  "password": null
}