{
  "id": "gen9randombattle-2604506512",
  "format": "[Gen 9] Random Battle",
  "players": [
    "PartyTrain9",
    "MandoWarrior"
  ],
  "log": "|j|\u2606PartyTrain9\n|j|\u2606MandoWarrior\n|t:|1778209238\n|gametype|singles\n|player|p1|PartyTrain9|265|1980\n|player|p2|MandoWarrior|1|2058\n|gen|9\n|tier|[Gen 9] Random Battle\n|rated|\n|rule|Species Clause: Limit one of each Pok\u00e9mon\n|rule|HP Percentage Mod: HP is shown in percentages\n|rule|Sleep Clause Mod: Limit one foe put to sleep\n|rule|Illusion Level Mod: Illusion disguises the Pok\u00e9mon's true level\n|\n|t:|1778209238\n|teamsize|p1|6\n|teamsize|p2|6\n|start\n|switch|p1a: Zarude|Zarude, L77|288/288\n|switch|p2a: Eiscue|Eiscue, L88, F|274/274\n|turn|1\n|inactive|Battle timer is ON: inactive players will automatically lose when time's up. (requested by MandoWarrior)\n|\n|t:|1778209245\n|switch|p1a: Pachirisu|Pachirisu, L96, M|271/271\n|move|p2a: Eiscue|Belly Drum|p2a: Eiscue\n|-damage|p2a: Eiscue|137/274\n|-setboost|p2a: Eiscue|atk|6|[from] move: Belly Drum\n|-enditem|p2a: Eiscue|Sitrus Berry|[eat]\n|-heal|p2a: Eiscue|205/274|[from] item: Sitrus Berry\n|\n|upkeep\n|turn|2\n|\n|t:|1778209265\n|move|p1a: Pachirisu|Thunderbolt|p2a: Eiscue\n|-damage|p2a: Eiscue|141/274\n|move|p2a: Eiscue|Ice Spinner|p1a: Pachirisu\n|-damage|p1a: Pachirisu|0 fnt\n|faint|p1a: Pachirisu\n|\n|upkeep\n|\n|t:|1778209280\n|switch|p1a: Cresselia|Cresselia, L80, F|323/323\n|turn|3\n|\n|t:|1778209282\n|move|p1a: Cresselia|Psyshock|p2a: Eiscue\n|-damage|p2a: Eiscue|87/274\n|move|p2a: Eiscue|Ice Spinner|p1a: Cresselia\n|-damage|p1a: Cresselia|20/323\n|\n|-heal|p1a: Cresselia|40/323|[from] item: Leftovers\n|upkeep\n|turn|4\n|\n|t:|1778209288\n|move|p1a: Cresselia|Psyshock|p2a: Eiscue\n|-damage|p2a: Eiscue|30/274\n|move|p2a: Eiscue|Ice Spinner|p1a: Cresselia\n|-damage|p1a: Cresselia|0 fnt\n|faint|p1a: Cresselia\n|\n|upkeep\n|\n|t:|1778209290\n|switch|p1a: Tyranitar|Tyranitar, L78, F|284/284\n|-weather|Sandstorm|[from] ability: Sand Stream|[of] p1a: Tyranitar\n|turn|5\n|\n|t:|1778209298\n|move|p1a: Tyranitar|Dragon Dance|p1a: Tyranitar\n|-boost|p1a: Tyranitar|atk|1\n|-boost|p1a: Tyranitar|spe|1\n|move|p2a: Eiscue|Ice Spinner|p1a: Tyranitar\n|-damage|p1a: Tyranitar|0 fnt\n|faint|p1a: Tyranitar\n|\n|-weather|Sandstorm|[upkeep]\n|-damage|p2a: Eiscue|13/274|[from] Sandstorm\n|upkeep\n|\n|t:|1778209300\n|switch|p1a: Zarude|Zarude, L77|288/288\n|turn|6\n|\n|t:|1778209302\n|move|p1a: Zarude|U-turn|p2a: Eiscue\n|-activate|p2a: Eiscue|ability: Ice Face\n|-damage|p2a: Eiscue|13/274\n|detailschange|p2a: Eiscue|Eiscue-Noice, L88, F\n|\n|t:|1778209304\n|switch|p1a: Houndstone|Houndstone, L86, F|264/264|[from] U-turn\n|move|p2a: Eiscue|Ice Spinner|p1a: Houndstone\n|-damage|p1a: Houndstone|115/264\n|\n|-weather|Sandstorm|[upkeep]\n|-damage|p2a: Eiscue|0 fnt|[from] Sandstorm\n|-damage|p1a: Houndstone|99/264|[from] Sandstorm\n|faint|p2a: Eiscue\n|upkeep\n|\n|t:|1778209318\n|switch|p2a: Hoopa|Hoopa-Unbound, L80|259/259\n|turn|7\n|\n|t:|1778209324\n|switch|p1a: Zarude|Zarude, L77|288/288\n|move|p2a: Hoopa|Hyperspace Fury|p1a: Zarude\n|-resisted|p1a: Zarude\n|-damage|p1a: Zarude|188/288\n|-unboost|p2a: Hoopa|def|1\n|\n|-weather|Sandstorm|[upkeep]\n|-damage|p1a: Zarude|170/288|[from] Sandstorm\n|-damage|p2a: Hoopa|243/259|[from] Sandstorm\n|upkeep\n|turn|8\n|\n|t:|1778209328\n|switch|p2a: Rhydon|Rhydon, L85, M|317/317\n|move|p1a: Zarude|U-turn|p2a: Rhydon\n|-damage|p2a: Rhydon|282/317\n|\n|t:|1778209333\n|switch|p1a: Houndstone|Houndstone, L86, F|99/264|[from] U-turn\n|\n|-weather|Sandstorm|[upkeep]\n|-damage|p1a: Houndstone|83/264|[from] Sandstorm\n|upkeep\n|turn|9\n|\n|t:|1778209336\n|move|p1a: Houndstone|Poltergeist|p2a: Rhydon\n|-activate|p2a: Rhydon|move: Poltergeist|Eviolite\n|-damage|p2a: Rhydon|216/317\n|move|p2a: Rhydon|Earthquake|p1a: Houndstone\n|-damage|p1a: Houndstone|0 fnt\n|faint|p1a: Houndstone\n|\n|-weather|none\n|upkeep\n|\n|t:|1778209341\n|switch|p1a: Zarude|Zarude, L77|170/288\n|turn|10\n|\n|t:|1778209344\n|switch|p2a: Necrozma|Necrozma-Dusk-Mane, L69|248/248\n|move|p1a: Zarude|Power Whip|p2a: Necrozma\n|-resisted|p2a: Necrozma\n|-damage|p2a: Necrozma|165/248\n|\n|upkeep\n|turn|11\n|\n|t:|1778209347\n|move|p1a: Zarude|Power Whip|p2a: Necrozma\n|-resisted|p2a: Necrozma\n|-damage|p2a: Necrozma|77/248\n|move|p2a: Necrozma|Dragon Dance|p2a: Necrozma\n|-boost|p2a: Necrozma|atk|1\n|-boost|p2a: Necrozma|spe|1\n|\n|upkeep\n|turn|12\n|\n|t:|1778209350\n|move|p2a: Necrozma|Sunsteel Strike|p1a: Zarude\n|-damage|p1a: Zarude|14/288\n|move|p1a: Zarude|Power Whip|p2a: Necrozma\n|-resisted|p2a: Necrozma\n|-damage|p2a: Necrozma|0 fnt\n|faint|p2a: Necrozma\n|\n|upkeep\n|\n|t:|1778209355\n|switch|p2a: Jolteon|Jolteon, L84, M|246/246\n|turn|13\n|\n|t:|1778209359\n|move|p2a: Jolteon|Thunderbolt|p1a: Zarude\n|-resisted|p1a: Zarude\n|-damage|p1a: Zarude|0 fnt\n|faint|p1a: Zarude\n|\n|upkeep\n|\n|t:|1778209360\n|switch|p1a: Minior|Minior-Indigo, L79|224/224\n|-formechange|p1a: Minior|Minior-Meteor||[from] ability: Shields Down\n|turn|14\n|\n|t:|1778209370\n|-terastallize|p1a: Minior|Steel\n|move|p2a: Jolteon|Thunderbolt|p1a: Minior\n|-damage|p1a: Minior|130/224\n|move|p1a: Minior|Shell Smash|p1a: Minior\n|-unboost|p1a: Minior|def|1\n|-unboost|p1a: Minior|spd|1\n|-boost|p1a: Minior|atk|2\n|-boost|p1a: Minior|spa|2\n|-boost|p1a: Minior|spe|2\n|-enditem|p1a: Minior|White Herb\n|-clearnegativeboost|p1a: Minior|[silent]\n|\n|upkeep\n|turn|15\n|\n|t:|1778209375\n|move|p1a: Minior|Earthquake|p2a: Jolteon\n|-supereffective|p2a: Jolteon\n|-damage|p2a: Jolteon|8/246\n|move|p2a: Jolteon|Thunderbolt|p1a: Minior\n|-damage|p1a: Minior|27/224\n|\n|-heal|p2a: Jolteon|23/246|[from] item: Leftovers\n|-formechange|p1a: Minior|Minior-Indigo||[from] ability: Shields Down\n|upkeep\n|turn|16\n|\n|t:|1778209380\n|move|p1a: Minior|Earthquake|p2a: Jolteon\n|-supereffective|p2a: Jolteon\n|-damage|p2a: Jolteon|0 fnt\n|faint|p2a: Jolteon\n|\n|upkeep\n|\n|t:|1778209380\n|switch|p2a: Spiritomb|Spiritomb, L89, F|234/234\n|turn|17\n|\n|t:|1778209383\n|move|p2a: Spiritomb|Shadow Sneak|p1a: Minior\n|-damage|p1a: Minior|0 fnt\n|faint|p1a: Minior\n|\n|win|MandoWarrior\n|raw|PartyTrain9's rating: 1980 &rarr; <strong>1964</strong><br />(-16 for losing)\n|raw|MandoWarrior's rating: 2058 &rarr; <strong>2074</strong><br />(+16 for winning)\n",
  "inputlog": ">version d3c0b4cf388ee6ae107ccf7216674edd176762ce\n>start {\"formatid\":\"gen9randombattle\",\"seed\":\"sodium,292ad99d5cffd02e2f4a77b3e5ff63aa\",\"rated\":\"Rated battle\"}\n>player p1 {\"name\":\"PartyTrain9\",\"avatar\":\"265\",\"rating\":1980,\"seed\":\"sodium,7f9cc61a3469c3bd2a370a4581f9da41\"}\n>player p2 {\"name\":\"MandoWarrior\",\"avatar\":\"1\",\"rating\":2058,\"seed\":\"sodium,b9db3c5835d051a5e62fd5ed6840b3db\"}\n>p1 switch 5\n>p2 move bellydrum\n>p1 move thunderbolt\n>p2 move icespinner\n>p1 switch 2\n>p1 move psyshock\n>p2 move icespinner\n>p1 move psyshock\n>p2 move icespinner\n>p1 switch 4\n>p1 move dragondance\n>p2 move icespinner\n>p1 switch 5\n>p1 move uturn\n>p2 move icespinner\n>p1 switch 6\n>p2 switch 5\n>p1 switch 6\n>p2 move hyperspacefury\n>p1 move uturn\n>p2 switch 6\n>p1 switch 6\n>p1 move poltergeist\n>p2 move earthquake\n>p1 switch 6\n>p1 move powerwhip\n>p2 switch 4\n>p1 move powerwhip\n>p2 move dragondance\n>p1 move powerwhip\n>p2 move sunsteelstrike\n>p2 switch 3\n>p1 move powerwhip\n>p2 move thunderbolt\n>p1 switch 3\n>p1 move shellsmash terastallize\n>p2 move thunderbolt\n>p1 move earthquake\n>p2 move thunderbolt\n>p1 move earthquake\n>p2 move thunderbolt\n>p2 switch 2\n>p1 move acrobatics\n>p2 move shadowsneak",
  "uploadtime": 1778209383,
  "views": 1,
  "formatid": "gen9randombattle",
  "rating": 1964,
  "private": 0,
  "password": null
}