{
  "id": "gen9randombattle-2604524256",
  "format": "[Gen 9] Random Battle",
  "players": [
    "AssaultLei",
    "MGBR LucasBicalho"
  ],
  "log": "|j|\u2606AssaultLei\n|j|\u2606MGBR LucasBicalho\n|t:|1778211382\n|gametype|singles\n|player|p1|AssaultLei|unknown|2104\n|player|p2|MGBR LucasBicalho|thorton|2135\n|gen|9\n|tier|[Gen 9] Random Battle\n|rated|\n|rule|Species Clause: Limit one of each Pok\u00e9mon\n|rule|HP Percentage Mod: HP is shown in percentages\n|rule|Sleep Clause Mod: Limit one foe put to sleep\n|rule|Illusion Level Mod: Illusion disguises the Pok\u00e9mon's true level\n|\n|t:|1778211382\n|teamsize|p1|6\n|teamsize|p2|6\n|start\n|switch|p1a: Gallade|Gallade, L80, M|240/240\n|switch|p2a: Scream Tail|Scream Tail, L84|330/330\n|turn|1\n|inactive|Battle timer is ON: inactive players will automatically lose when time's up. (requested by MGBR LucasBicalho)\n|\n|t:|1778211406\n|switch|p1a: Araquanid|Araquanid, L82, M|246/246\n|move|p2a: Scream Tail|Dazzling Gleam|p1a: Araquanid\n|-damage|p1a: Araquanid|203/246\n|\n|upkeep\n|turn|2\n|\n|t:|1778211413\n|move|p2a: Scream Tail|Thunder Wave|p1a: Araquanid\n|-status|p1a: Araquanid|par\n|move|p1a: Araquanid|Sticky Web|p2a: Scream Tail\n|-sidestart|p2: MGBR LucasBicalho|move: Sticky Web\n|\n|upkeep\n|turn|3\n|\n|t:|1778211426\n|move|p2a: Scream Tail|Dazzling Gleam|p1a: Araquanid\n|-crit|p1a: Araquanid\n|-damage|p1a: Araquanid|133/246 par\n|move|p1a: Araquanid|Liquidation|p2a: Scream Tail\n|-damage|p2a: Scream Tail|215/330\n|\n|-heal|p2a: Scream Tail|235/330|[from] item: Leftovers\n|upkeep\n|turn|4\n|\n|t:|1778211436\n|switch|p1a: Excadrill|Excadrill, L79, M|303/303\n|-ability|p1a: Excadrill|Mold Breaker\n|move|p2a: Scream Tail|Dazzling Gleam|p1a: Excadrill\n|-resisted|p1a: Excadrill\n|-damage|p1a: Excadrill|276/303\n|\n|-heal|p2a: Scream Tail|255/330|[from] item: Leftovers\n|upkeep\n|turn|5\n|\n|t:|1778211449\n|-end|p2a: Scream Tail|Protosynthesis|[silent]\n|switch|p2a: Mismagius|Mismagius, L86, M|243/243\n|move|p1a: Excadrill|Earthquake|p2a: Mismagius\n|-damage|p2a: Mismagius|72/243\n|\n|upkeep\n|turn|6\n|\n|t:|1778211459\n|move|p2a: Mismagius|Shadow Ball|p1a: Excadrill\n|-damage|p1a: Excadrill|141/303\n|move|p1a: Excadrill|Earthquake|p2a: Mismagius\n|-damage|p2a: Mismagius|0 fnt\n|faint|p2a: Mismagius\n|\n|upkeep\n|\n|t:|1778211462\n|switch|p2a: Lurantis|Lurantis, L87, F|264/264\n|-activate|p2a: Lurantis|move: Sticky Web\n|-boost|p2a: Lurantis|spe|1\n|turn|7\n|\n|t:|1778211478\n|switch|p1a: Skeledirge|Skeledirge, L79, M|294/294\n|move|p2a: Lurantis|Leaf Storm|p1a: Skeledirge\n|-resisted|p1a: Skeledirge\n|-damage|p1a: Skeledirge|215/294\n|-boost|p2a: Lurantis|spa|2\n|\n|upkeep\n|turn|8\n|\n|t:|1778211492\n|move|p2a: Lurantis|Knock Off|p1a: Skeledirge\n|-supereffective|p1a: Skeledirge\n|-damage|p1a: Skeledirge|55/294\n|-enditem|p1a: Skeledirge|Heavy-Duty Boots|[from] move: Knock Off|[of] p2a: Lurantis\n|move|p1a: Skeledirge|Flame Charge|p2a: Lurantis\n|-supereffective|p2a: Lurantis\n|-damage|p2a: Lurantis|192/264\n|-boost|p1a: Skeledirge|spe|1\n|\n|upkeep\n|turn|9\n|\n|t:|1778211511\n|switch|p2a: Floatzel|Floatzel, L86, F|286/286\n|-activate|p2a: Floatzel|move: Sticky Web\n|-unboost|p2a: Floatzel|spe|1\n|move|p1a: Skeledirge|Torch Song|p2a: Floatzel\n|-resisted|p2a: Floatzel\n|-damage|p2a: Floatzel|221/286\n|-boost|p1a: Skeledirge|spa|1\n|\n|upkeep\n|turn|10\n|\n|t:|1778211527\n|move|p1a: Skeledirge|Shadow Ball|p2a: Floatzel\n|-damage|p2a: Floatzel|56/286\n|move|p2a: Floatzel|Flip Turn|p1a: Skeledirge\n|-supereffective|p1a: Skeledirge\n|-damage|p1a: Skeledirge|0 fnt\n|faint|p1a: Skeledirge\n|\n|t:|1778211532\n|switch|p2a: Lurantis|Lurantis, L87, F|192/264|[from] Flip Turn\n|-activate|p2a: Lurantis|move: Sticky Web\n|-boost|p2a: Lurantis|spe|1\n|\n|upkeep\n|\n|t:|1778211538\n|switch|p1a: Toucannon|Toucannon, L88, M|284/284\n|turn|11\n|\n|t:|1778211555\n|switch|p2a: Floatzel|Floatzel, L86, F|56/286\n|-activate|p2a: Floatzel|move: Sticky Web\n|-unboost|p2a: Floatzel|spe|1\n|-singleturn|p1a: Toucannon|move: Beak Blast\n|move|p1a: Toucannon|Beak Blast|p2a: Floatzel\n|-damage|p2a: Floatzel|0 fnt\n|faint|p2a: Floatzel\n|\n|upkeep\n|\n|t:|1778211559\n|switch|p2a: Scream Tail|Scream Tail, L84|255/330\n|-activate|p2a: Scream Tail|move: Sticky Web\n|-unboost|p2a: Scream Tail|spe|1\n|turn|12\n|\n|t:|1778211574\n|switch|p1a: Excadrill|Excadrill, L79, M|141/303\n|-ability|p1a: Excadrill|Mold Breaker\n|move|p2a: Scream Tail|Wish|p2a: Scream Tail\n|\n|-heal|p2a: Scream Tail|275/330|[from] item: Leftovers\n|upkeep\n|turn|13\n|\n|t:|1778211584\n|-end|p2a: Scream Tail|Protosynthesis|[silent]\n|switch|p2a: Lurantis|Lurantis, L87, F|192/264\n|-activate|p2a: Lurantis|move: Sticky Web\n|-boost|p2a: Lurantis|spe|1\n|move|p1a: Excadrill|Iron Head|p2a: Lurantis\n|-damage|p2a: Lurantis|101/264\n|\n|-heal|p2a: Lurantis|264/264|[from] move: Wish|[wisher] Scream Tail\n|upkeep\n|turn|14\n|\n|t:|1778211605\n|switch|p1a: Walking Wake|Walking Wake, L79|286/286\n|move|p2a: Lurantis|Superpower|p1a: Walking Wake\n|-damage|p1a: Walking Wake|195/286\n|-boost|p2a: Lurantis|atk|1\n|-boost|p2a: Lurantis|def|1\n|\n|upkeep\n|turn|15\n|\n|t:|1778211622\n|switch|p2a: Scream Tail|Scream Tail, L84|275/330\n|-activate|p2a: Scream Tail|move: Sticky Web\n|-unboost|p2a: Scream Tail|spe|1\n|move|p1a: Walking Wake|Sunny Day|p1a: Walking Wake\n|-weather|SunnyDay\n|-activate|p1a: Walking Wake|ability: Protosynthesis\n|-start|p1a: Walking Wake|protosynthesisspa\n|-activate|p2a: Scream Tail|ability: Protosynthesis\n|-start|p2a: Scream Tail|protosynthesisspd\n|\n|-weather|SunnyDay|[upkeep]\n|-heal|p2a: Scream Tail|295/330|[from] item: Leftovers\n|upkeep\n|turn|16\n|inactive|AssaultLei has 120 seconds left.\n|\n|t:|1778211653\n|move|p1a: Walking Wake|Hydro Steam|p2a: Scream Tail\n|-damage|p2a: Scream Tail|157/330\n|-damage|p1a: Walking Wake|167/286|[from] item: Life Orb\n|move|p2a: Scream Tail|Wish|p2a: Scream Tail\n|\n|-weather|SunnyDay|[upkeep]\n|-heal|p2a: Scream Tail|177/330|[from] item: Leftovers\n|upkeep\n|turn|17\n|\n|t:|1778211664\n|move|p1a: Walking Wake|Flamethrower|p2a: Scream Tail\n|-damage|p2a: Scream Tail|69/330\n|-damage|p1a: Walking Wake|139/286|[from] item: Life Orb\n|move|p2a: Scream Tail|Dazzling Gleam|p1a: Walking Wake\n|-supereffective|p1a: Walking Wake\n|-damage|p1a: Walking Wake|0 fnt\n|faint|p1a: Walking Wake\n|-end|p1a: Walking Wake|Protosynthesis|[silent]\n|\n|-weather|SunnyDay|[upkeep]\n|-heal|p2a: Scream Tail|234/330|[from] move: Wish|[wisher] Scream Tail\n|-heal|p2a: Scream Tail|254/330|[from] item: Leftovers\n|upkeep\n|\n|t:|1778211676\n|switch|p1a: Excadrill|Excadrill, L79, M|141/303\n|-ability|p1a: Excadrill|Mold Breaker\n|turn|18\n|\n|t:|1778211682\n|-end|p2a: Scream Tail|Protosynthesis|[silent]\n|switch|p2a: Lurantis|Lurantis, L87, F|264/264\n|-activate|p2a: Lurantis|move: Sticky Web\n|-boost|p2a: Lurantis|spe|1\n|move|p1a: Excadrill|Iron Head|p2a: Lurantis\n|-damage|p2a: Lurantis|164/264\n|\n|-weather|SunnyDay|[upkeep]\n|upkeep\n|turn|19\n|\n|t:|1778211697\n|switch|p1a: Toucannon|Toucannon, L88, M|284/284\n|move|p2a: Lurantis|Superpower|p1a: Toucannon\n|-damage|p1a: Toucannon|185/284\n|-boost|p2a: Lurantis|atk|1\n|-boost|p2a: Lurantis|def|1\n|\n|-weather|none\n|upkeep\n|turn|20\n|\n|t:|1778211706\n|switch|p2a: Scream Tail|Scream Tail, L84|254/330\n|-activate|p2a: Scream Tail|move: Sticky Web\n|-unboost|p2a: Scream Tail|spe|1\n|-singleturn|p1a: Toucannon|move: Beak Blast\n|move|p1a: Toucannon|Beak Blast|p2a: Scream Tail\n|-damage|p2a: Scream Tail|131/330\n|\n|-heal|p2a: Scream Tail|151/330|[from] item: Leftovers\n|upkeep\n|turn|21\n|inactive|AssaultLei has 120 seconds left.\n|\n|t:|1778211719\n|move|p2a: Scream Tail|Wish|p2a: Scream Tail\n|move|p1a: Toucannon|Knock Off|p2a: Scream Tail\n|-damage|p2a: Scream Tail|71/330\n|-enditem|p2a: Scream Tail|Leftovers|[from] move: Knock Off|[of] p1a: Toucannon\n|\n|upkeep\n|turn|22\n|inactive|AssaultLei has 120 seconds left.\n|\n|t:|1778211727\n|move|p2a: Scream Tail|Protect|p2a: Scream Tail\n|-singleturn|p2a: Scream Tail|Protect\n|move|p1a: Toucannon|Boomburst|p2a: Scream Tail\n|-activate|p2a: Scream Tail|move: Protect\n|\n|-heal|p2a: Scream Tail|236/330|[from] move: Wish|[wisher] Scream Tail\n|upkeep\n|turn|23\n|\n|t:|1778211735\n|-singleturn|p1a: Toucannon|move: Beak Blast\n|move|p2a: Scream Tail|Wish|p2a: Scream Tail\n|move|p1a: Toucannon|Beak Blast|p2a: Scream Tail\n|-damage|p2a: Scream Tail|101/330\n|\n|upkeep\n|turn|24\n|\n|t:|1778211742\n|move|p2a: Scream Tail|Protect|p2a: Scream Tail\n|-singleturn|p2a: Scream Tail|Protect\n|move|p1a: Toucannon|Roost|p1a: Toucannon\n|-heal|p1a: Toucannon|284/284\n|-singleturn|p1a: Toucannon|move: Roost\n|\n|-heal|p2a: Scream Tail|266/330|[from] move: Wish|[wisher] Scream Tail\n|upkeep\n|turn|25\n|\n|t:|1778211752\n|-singleturn|p1a: Toucannon|move: Beak Blast\n|move|p2a: Scream Tail|Thunder Wave|p1a: Toucannon\n|-status|p1a: Toucannon|par\n|cant|p1a: Toucannon|par\n|\n|upkeep\n|turn|26\n|\n|t:|1778211760\n|-singleturn|p1a: Toucannon|move: Beak Blast\n|move|p2a: Scream Tail|Wish|p2a: Scream Tail\n|move|p1a: Toucannon|Beak Blast|p2a: Scream Tail\n|-damage|p2a: Scream Tail|146/330\n|\n|upkeep\n|turn|27\n|\n|t:|1778211767\n|-singleturn|p1a: Toucannon|move: Beak Blast\n|move|p2a: Scream Tail|Protect|p2a: Scream Tail\n|-singleturn|p2a: Scream Tail|Protect\n|move|p1a: Toucannon|Beak Blast|p2a: Scream Tail\n|-activate|p2a: Scream Tail|move: Protect\n|\n|-heal|p2a: Scream Tail|311/330|[from] move: Wish|[wisher] Scream Tail\n|upkeep\n|turn|28\n|\n|t:|1778211788\n|-singleturn|p1a: Toucannon|move: Beak Blast\n|move|p2a: Scream Tail|Wish|p2a: Scream Tail\n|move|p1a: Toucannon|Beak Blast|p2a: Scream Tail\n|-damage|p2a: Scream Tail|182/330\n|\n|upkeep\n|turn|29\n|\n|t:|1778211799\n|-end|p2a: Scream Tail|Protosynthesis|[silent]\n|switch|p2a: Malamar|Malamar, L82, M|275/275\n|-activate|p2a: Malamar|move: Sticky Web\n|-boost|p2a: Malamar|spe|1\n|cant|p1a: Toucannon|par\n|\n|upkeep\n|turn|30\n|\n|t:|1778211810\n|move|p2a: Malamar|Superpower|p1a: Toucannon\n|-damage|p1a: Toucannon|202/284 par\n|-boost|p2a: Malamar|atk|1\n|-boost|p2a: Malamar|def|1\n|move|p1a: Toucannon|Knock Off|p2a: Malamar\n|-damage|p2a: Malamar|215/275\n|-enditem|p2a: Malamar|Leftovers|[from] move: Knock Off|[of] p1a: Toucannon\n|\n|upkeep\n|turn|31\n|\n|t:|1778211821\n|-singleturn|p1a: Toucannon|move: Beak Blast\n|move|p2a: Malamar|Superpower|p1a: Toucannon\n|-damage|p1a: Toucannon|73/284 par\n|-status|p2a: Malamar|brn\n|-boost|p2a: Malamar|atk|1\n|-boost|p2a: Malamar|def|1\n|move|p1a: Toucannon|Beak Blast|p2a: Malamar\n|-damage|p2a: Malamar|145/275 brn\n|\n|-damage|p2a: Malamar|128/275 brn|[from] brn\n|upkeep\n|turn|32\n|\n|t:|1778211841\n|switch|p1a: Araquanid|Araquanid, L82, M|133/246 par\n|move|p2a: Malamar|Rest|p2a: Malamar\n|-status|p2a: Malamar|slp|[from] move: Rest\n|-heal|p2a: Malamar|275/275 slp|[silent]\n|\n|upkeep\n|turn|33\n|\n|t:|1778211853\n|cant|p2a: Malamar|slp\n|move|p2a: Malamar|Sleep Talk|p2a: Malamar\n|move|p2a: Malamar|Superpower|p1a: Araquanid|[from] move: Sleep Talk\n|-resisted|p1a: Araquanid\n|-damage|p1a: Araquanid|63/246 par\n|-boost|p2a: Malamar|atk|1\n|-boost|p2a: Malamar|def|1\n|move|p1a: Araquanid|Leech Life|p2a: Malamar\n|-supereffective|p2a: Malamar\n|-damage|p2a: Malamar|175/275 slp\n|-heal|p1a: Araquanid|113/246 par|[from] drain|[of] p2a: Malamar\n|\n|upkeep\n|turn|34\n|\n|t:|1778211867\n|cant|p2a: Malamar|slp\n|move|p2a: Malamar|Sleep Talk|p2a: Malamar\n|move|p2a: Malamar|Rest||[from] move: Sleep Talk|[still]\n|-fail|p2a: Malamar\n|move|p1a: Araquanid|Leech Life|p2a: Malamar\n|-supereffective|p2a: Malamar\n|-crit|p2a: Malamar\n|-damage|p2a: Malamar|0 fnt\n|-heal|p1a: Araquanid|201/246 par|[from] drain|[of] p2a: Malamar\n|faint|p2a: Malamar\n|\n|upkeep\n|\n|t:|1778211881\n|switch|p2a: Lurantis|Lurantis, L87, F|164/264\n|-activate|p2a: Lurantis|move: Sticky Web\n|-boost|p2a: Lurantis|spe|1\n|turn|35\n|\n|t:|1778211890\n|-terastallize|p2a: Lurantis|Steel\n|move|p2a: Lurantis|Leaf Storm|p1a: Araquanid\n|-damage|p1a: Araquanid|104/246 par\n|-boost|p2a: Lurantis|spa|2\n|move|p1a: Araquanid|Leech Life|p2a: Lurantis\n|-resisted|p2a: Lurantis\n|-damage|p2a: Lurantis|134/264\n|-heal|p1a: Araquanid|119/246 par|[from] drain|[of] p2a: Lurantis\n|\n|upkeep\n|turn|36\n|\n|t:|1778211911\n|move|p2a: Lurantis|Leaf Storm|p1a: Araquanid\n|-damage|p1a: Araquanid|0 fnt\n|-boost|p2a: Lurantis|spa|2\n|faint|p1a: Araquanid\n|\n|upkeep\n|inactive|AssaultLei has 120 seconds left.\n|\n|t:|1778211929\n|switch|p1a: Gallade|Gallade, L80, M|240/240\n|turn|37\n|\n|t:|1778211938\n|move|p2a: Lurantis|Leaf Storm|p1a: Gallade\n|-damage|p1a: Gallade|0 fnt\n|-boost|p2a: Lurantis|spa|2\n|faint|p1a: Gallade\n|\n|upkeep\n|\n|t:|1778211946\n|switch|p1a: Excadrill|Excadrill, L79, M|141/303\n|-ability|p1a: Excadrill|Mold Breaker\n|turn|38\n|\n|t:|1778211953\n|-terastallize|p1a: Excadrill|Grass\n|move|p2a: Lurantis|Superpower|p1a: Excadrill\n|-damage|p1a: Excadrill|12/303\n|-boost|p2a: Lurantis|atk|1\n|-boost|p2a: Lurantis|def|1\n|move|p1a: Excadrill|Iron Head|p2a: Lurantis\n|-resisted|p2a: Lurantis\n|-damage|p2a: Lurantis|104/264\n|\n|upkeep\n|turn|39\n|-message|AssaultLei forfeited.\n|\n|win|MGBR LucasBicalho\n|raw|AssaultLei's rating: 2104 &rarr; <strong>2086</strong><br />(-18 for losing)\n|raw|MGBR LucasBicalho's rating: 2135 &rarr; <strong>2153</strong><br />(+18 for winning)\n",
  "inputlog": ">version d3c0b4cf388ee6ae107ccf7216674edd176762ce\n>start {\"formatid\":\"gen9randombattle\",\"seed\":\"sodium,baf8d4a3e7ad4b7e4ab33558cd61cb32\",\"rated\":\"Rated battle\"}\n>player p1 {\"name\":\"AssaultLei\",\"avatar\":\"unknown\",\"rating\":2104,\"seed\":\"sodium,330612eb66bfd35524d7801ecb08a153\"}\n>player p2 {\"name\":\"MGBR LucasBicalho\",\"avatar\":\"thorton\",\"rating\":2135,\"seed\":\"sodium,f6c4dfc1eacf9dada5ea159f8ce6fa41\"}\n>p1 switch 5\n>p2 move dazzlinggleam\n>p1 move stickyweb\n>p2 move thunderwave\n>p1 move liquidation\n>p2 move dazzlinggleam\n>p1 switch 6\n>p2 move dazzlinggleam\n>p1 move earthquake\n>p2 switch 2\n>p1 move earthquake\n>p2 move shadowball\n>p2 switch 5\n>p1 switch 3\n>p2 move leafstorm\n>p1 move flamecharge\n>p2 move knockoff\n>p1 move torchsong\n>p2 switch 3\n>p1 move shadowball\n>p2 move flipturn\n>p2 switch 3\n>p1 switch 2\n>p1 move beakblast\n>p2 switch 3\n>p2 switch 2\n>p1 switch 3\n>p2 move wish\n>p1 move ironhead\n>p2 switch 3\n>p1 switch 4\n>p2 move superpower\n>p1 move sunnyday\n>p2 switch 3\n>p1 move hydrosteam\n>p2 move wish\n>p1 move flamethrower\n>p2 move dazzlinggleam\n>p1 switch 4\n>p1 move ironhead\n>p2 switch 3\n>p1 switch 3\n>p2 move superpower\n>p1 move beakblast\n>p2 switch 3\n>p1 move knockoff\n>p2 move wish\n>p1 move boomburst\n>p2 move protect\n>p1 move beakblast\n>p2 move wish\n>p1 move roost\n>p2 move protect\n>p1 move beakblast\n>p2 move thunderwave\n>p1 move beakblast\n>p2 move wish\n>p1 move beakblast\n>p2 move protect\n>p1 move beakblast\n>p2 move wish\n>p1 move boomburst\n>p2 switch 4\n>p1 move knockoff\n>p2 move superpower\n>p1 move beakblast\n>p2 move superpower\n>p1 switch 6\n>p2 move rest\n>p1 move leechlife\n>p2 move sleeptalk\n>p1 move leechlife\n>p2 move sleeptalk\n>p2 switch 3\n>p1 move leechlife\n>p2 move leafstorm terastallize\n>p1 move mirrorcoat\n>p2 move leafstorm\n>p1 switch 5\n>p1 move sacredsword\n>p2 move leafstorm\n>p1 switch 3\n>p1 move ironhead terastallize\n>p2 move superpower\n>forcelose p1",
  "uploadtime": 1778211958,
  "views": 2,
  "formatid": "gen9randombattle",
  "rating": 2086,
  "private": 0,
  "password": null
}