{
  "id": "gen9randombattle-2604523931",
  "format": "[Gen 9] Random Battle",
  "players": [
    "metrobulu",
    "TheSakman"
  ],
  "log": "|j|\u2606metrobulu\n|j|\u2606TheSakman\n|t:|1778211339\n|gametype|singles\n|player|p1|metrobulu|265|1913\n|player|p2|TheSakman|1|2023\n|gen|9\n|tier|[Gen 9] Random Battle\n|rated|\n|rule|Species Clause: Limit one of each Pok\u00e9mon\n|rule|HP Percentage Mod: HP is shown in percentages\n|rule|Sleep Clause Mod: Limit one foe put to sleep\n|rule|Illusion Level Mod: Illusion disguises the Pok\u00e9mon's true level\n|\n|t:|1778211339\n|teamsize|p1|6\n|teamsize|p2|6\n|start\n|switch|p1a: Lugia|Lugia, L73|275/275\n|switch|p2a: Flareon|Flareon, L90, M|263/263\n|turn|1\n|inactive|Battle timer is ON: inactive players will automatically lose when time's up. (requested by TheSakman)\n|\n|t:|1778211350\n|move|p1a: Lugia|Earth Power|p2a: Flareon\n|-supereffective|p2a: Flareon\n|-damage|p2a: Flareon|195/263\n|move|p2a: Flareon|Trailblaze|p1a: Lugia\n|-resisted|p1a: Lugia\n|-damage|p1a: Lugia|265/275\n|-boost|p2a: Flareon|spe|1\n|\n|-status|p2a: Flareon|tox|[from] item: Toxic Orb\n|upkeep\n|turn|2\n|\n|t:|1778211357\n|switch|p1a: Dachsbun|Dachsbun, L92, F|254/254\n|move|p2a: Flareon|Facade|p1a: Dachsbun\n|-damage|p1a: Dachsbun|87/254\n|\n|-heal|p1a: Dachsbun|102/254|[from] item: Leftovers\n|-damage|p2a: Flareon|179/263 tox|[from] psn\n|upkeep\n|turn|3\n|\n|t:|1778211364\n|move|p1a: Dachsbun|Protect|p1a: Dachsbun\n|-singleturn|p1a: Dachsbun|Protect\n|move|p2a: Flareon|Facade|p1a: Dachsbun\n|-activate|p1a: Dachsbun|move: Protect\n|\n|-heal|p1a: Dachsbun|117/254|[from] item: Leftovers\n|-damage|p2a: Flareon|147/263 tox|[from] psn\n|upkeep\n|turn|4\n|\n|t:|1778211373\n|switch|p1a: Venusaur|Venusaur, L84, F|272/272\n|move|p2a: Flareon|Facade|p1a: Venusaur\n|-damage|p1a: Venusaur|56/272\n|\n|-heal|p1a: Venusaur|73/272|[from] item: Leftovers\n|-damage|p2a: Flareon|99/263 tox|[from] psn\n|upkeep\n|turn|5\n|\n|t:|1778211379\n|move|p2a: Flareon|Facade|p1a: Venusaur\n|-damage|p1a: Venusaur|0 fnt\n|faint|p1a: Venusaur\n|\n|-damage|p2a: Flareon|35/263 tox|[from] psn\n|upkeep\n|\n|t:|1778211386\n|switch|p1a: Lokix|Lokix, L82, M|251/251\n|turn|6\n|\n|t:|1778211389\n|move|p1a: Lokix|First Impression|p2a: Flareon\n|-resisted|p2a: Flareon\n|-damage|p2a: Flareon|0 fnt\n|faint|p2a: Flareon\n|-damage|p1a: Lokix|226/251|[from] item: Life Orb\n|\n|upkeep\n|\n|t:|1778211405\n|switch|p2a: Decidueye|Decidueye-Hisui, L87, F|295/295\n|turn|7\n|\n|t:|1778211419\n|move|p1a: Lokix|Leech Life|p2a: Decidueye\n|-damage|p2a: Decidueye|181/295\n|-heal|p1a: Lokix|251/251|[from] drain|[of] p2a: Decidueye\n|-damage|p1a: Lokix|226/251|[from] item: Life Orb\n|move|p2a: Decidueye|Triple Arrows|p1a: Lokix\n|-damage|p1a: Lokix|90/251\n|-unboost|p1a: Lokix|def|1\n|\n|-heal|p2a: Decidueye|199/295|[from] item: Leftovers\n|upkeep\n|turn|8\n|\n|t:|1778211424\n|switch|p1a: Lugia|Lugia, L73|265/275\n|move|p2a: Decidueye|Knock Off|p1a: Lugia\n|-supereffective|p1a: Lugia\n|-damage|p1a: Lugia|117/275\n|-enditem|p1a: Lugia|Heavy-Duty Boots|[from] move: Knock Off|[of] p2a: Decidueye\n|\n|-heal|p2a: Decidueye|217/295|[from] item: Leftovers\n|upkeep\n|turn|9\n|\n|t:|1778211429\n|switch|p2a: Fezandipiti|Fezandipiti, L82, M|278/278\n|move|p1a: Lugia|Aeroblast|p2a: Fezandipiti\n|-damage|p2a: Fezandipiti|238/278\n|\n|upkeep\n|turn|10\n|\n|t:|1778211440\n|switch|p1a: Lokix|Lokix, L82, M|90/251\n|move|p2a: Fezandipiti|Beat Up|p1a: Lokix\n|-resisted|p1a: Lokix\n|-damage|p1a: Lokix|85/251\n|-resisted|p1a: Lokix\n|-damage|p1a: Lokix|79/251\n|-status|p1a: Lokix|tox|[from] ability: Toxic Chain|[of] p2a: Fezandipiti\n|-resisted|p1a: Lokix\n|-damage|p1a: Lokix|74/251 tox\n|-resisted|p1a: Lokix\n|-damage|p1a: Lokix|66/251 tox\n|-resisted|p1a: Lokix\n|-crit|p1a: Lokix\n|-damage|p1a: Lokix|57/251 tox\n|-hitcount|p1a: Lokix|5\n|\n|-damage|p1a: Lokix|42/251 tox|[from] psn\n|upkeep\n|turn|11\n|\n|t:|1778211452\n|move|p2a: Fezandipiti|Moonblast|p1a: Lokix\n|-supereffective|p1a: Lokix\n|-damage|p1a: Lokix|0 fnt\n|faint|p1a: Lokix\n|\n|upkeep\n|\n|t:|1778211457\n|switch|p1a: Miraidon|Miraidon, L65|238/238\n|-fieldstart|move: Electric Terrain|[from] ability: Hadron Engine|[of] p1a: Miraidon\n|turn|12\n|\n|t:|1778211469\n|switch|p2a: Decidueye|Decidueye-Hisui, L87, F|217/295\n|-terastallize|p1a: Miraidon|Electric\n|move|p1a: Miraidon|Electro Drift|p2a: Decidueye\n|-resisted|p2a: Decidueye\n|-damage|p2a: Decidueye|77/295\n|\n|-heal|p2a: Decidueye|95/295|[from] item: Leftovers\n|upkeep\n|turn|13\n|c|\u2606metrobulu|yo\n|\n|t:|1778211493\n|move|p1a: Miraidon|Electro Drift|p2a: Decidueye\n|-resisted|p2a: Decidueye\n|-damage|p2a: Decidueye|0 fnt\n|faint|p2a: Decidueye\n|\n|upkeep\n|c|\u2606metrobulu|you ever wanna put \"ball\" after the\n|inactive|TheSakman has 120 seconds left.\n|c|\u2606TheSakman|?\n|c|\u2606metrobulu|in your name\n|c|\u2606metrobulu|just a lil \"ball\" after the\n|c|\u2606TheSakman|why ball?\n|c|\u2606metrobulu|idk thought it would be cool nvm\n|inactive|TheSakman has 90 seconds left.\n|c|\u2606TheSakman|ohhhh\n|c|\u2606TheSakman|LOOOOOL\n|c|\u2606metrobulu|LOL\n|\n|t:|1778211551\n|switch|p2a: Froslass|Froslass, L87, F|263/263\n|turn|14\n|\n|t:|1778211559\n|move|p2a: Froslass|Triple Axel|p1a: Miraidon\n|-damage|p1a: Miraidon|214/238\n|-damage|p1a: Miraidon|168/238\n|-damage|p1a: Miraidon|102/238\n|-hitcount|p1a: Miraidon|3\n|move|p1a: Miraidon|Electro Drift|p2a: Froslass\n|-damage|p2a: Froslass|0 fnt\n|faint|p2a: Froslass\n|\n|upkeep\n|c|\u2606metrobulu|ty for laughing\n|c|\u2606metrobulu|:,D\n|\n|t:|1778211579\n|switch|p2a: Baxcalibur|Baxcalibur, L75, F|296/296\n|turn|15\n|\n|t:|1778211588\n|switch|p1a: Dachsbun|Dachsbun, L92, F|117/254\n|move|p2a: Baxcalibur|Dragon Dance|p2a: Baxcalibur\n|-boost|p2a: Baxcalibur|atk|1\n|-boost|p2a: Baxcalibur|spe|1\n|\n|-heal|p1a: Dachsbun|132/254|[from] item: Leftovers\n|upkeep\n|turn|16\n|\n|t:|1778211594\n|move|p2a: Baxcalibur|Dragon Dance|p2a: Baxcalibur\n|-boost|p2a: Baxcalibur|atk|1\n|-boost|p2a: Baxcalibur|spe|1\n|move|p1a: Dachsbun|Play Rough|p2a: Baxcalibur|[miss]\n|-miss|p1a: Dachsbun|p2a: Baxcalibur\n|\n|-heal|p1a: Dachsbun|147/254|[from] item: Leftovers\n|-fieldend|move: Electric Terrain\n|upkeep\n|turn|17\n|\n|t:|1778211601\n|move|p2a: Baxcalibur|Dragon Dance|p2a: Baxcalibur\n|-boost|p2a: Baxcalibur|atk|1\n|-boost|p2a: Baxcalibur|spe|1\n|move|p1a: Dachsbun|Play Rough|p2a: Baxcalibur\n|-supereffective|p2a: Baxcalibur\n|-crit|p2a: Baxcalibur\n|-damage|p2a: Baxcalibur|0 fnt\n|faint|p2a: Baxcalibur\n|\n|-heal|p1a: Dachsbun|162/254|[from] item: Leftovers\n|upkeep\n|c|\u2606metrobulu|nvm i hate u\n|\n|t:|1778211607\n|switch|p2a: Duraludon|Duraludon, L82, F|249/249\n|turn|18\n|c|\u2606metrobulu|nvm\n|\n|t:|1778211617\n|switch|p1a: Slowking|Slowking, L88, F|310/310\n|move|p2a: Duraludon|Iron Defense|p2a: Duraludon\n|-boost|p2a: Duraludon|def|2\n|\n|upkeep\n|turn|19\n|\n|t:|1778211625\n|move|p2a: Duraludon|Iron Defense|p2a: Duraludon\n|-boost|p2a: Duraludon|def|2\n|move|p1a: Slowking|Scald|p2a: Duraludon\n|-resisted|p2a: Duraludon\n|-damage|p2a: Duraludon|201/249\n|\n|upkeep\n|turn|20\n|\n|t:|1778211631\n|move|p2a: Duraludon|Iron Defense|p2a: Duraludon\n|-boost|p2a: Duraludon|def|2\n|move|p1a: Slowking|Scald|p2a: Duraludon\n|-resisted|p2a: Duraludon\n|-damage|p2a: Duraludon|148/249\n|\n|upkeep\n|turn|21\n|\n|t:|1778211633\n|move|p2a: Duraludon|Body Press|p1a: Slowking\n|-resisted|p1a: Slowking\n|-damage|p1a: Slowking|182/310\n|move|p1a: Slowking|Scald|p2a: Duraludon\n|-resisted|p2a: Duraludon\n|-damage|p2a: Duraludon|99/249\n|\n|upkeep\n|turn|22\n|\n|t:|1778211641\n|switch|p1a: Lugia|Lugia, L73|117/275\n|move|p2a: Duraludon|Body Press|p1a: Lugia\n|-resisted|p1a: Lugia\n|-damage|p1a: Lugia|66/275\n|\n|upkeep\n|turn|23\n|\n|t:|1778211647\n|switch|p2a: Fezandipiti|Fezandipiti, L82, M|238/278\n|move|p1a: Lugia|Earth Power|p2a: Fezandipiti\n|-supereffective|p2a: Fezandipiti\n|-crit|p2a: Fezandipiti\n|-damage|p2a: Fezandipiti|160/278\n|\n|upkeep\n|turn|24\n|\n|t:|1778211651\n|move|p2a: Fezandipiti|Gunk Shot|p1a: Lugia\n|-damage|p1a: Lugia|0 fnt\n|faint|p1a: Lugia\n|\n|upkeep\n|\n|t:|1778211653\n|switch|p1a: Miraidon|Miraidon, L65, tera:Electric|102/238\n|-fieldstart|move: Electric Terrain|[from] ability: Hadron Engine|[of] p1a: Miraidon\n|turn|25\n|\n|t:|1778211660\n|move|p1a: Miraidon|Electro Drift|p2a: Fezandipiti\n|-damage|p2a: Fezandipiti|18/278\n|move|p2a: Fezandipiti|Gunk Shot|p1a: Miraidon\n|-damage|p1a: Miraidon|0 fnt\n|faint|p1a: Miraidon\n|\n|upkeep\n|c|\u2606metrobulu|gg man\n|\n|t:|1778211668\n|switch|p1a: Dachsbun|Dachsbun, L92, F|162/254\n|turn|26\n|\n|t:|1778211672\n|move|p1a: Dachsbun|Body Press|p2a: Fezandipiti\n|-resisted|p2a: Fezandipiti\n|-damage|p2a: Fezandipiti|0 fnt\n|faint|p2a: Fezandipiti\n|\n|-heal|p1a: Dachsbun|177/254|[from] item: Leftovers\n|upkeep\n|\n|t:|1778211674\n|switch|p2a: Duraludon|Duraludon, L82, F|99/249\n|turn|27\n|\n|t:|1778211676\n|move|p1a: Dachsbun|Body Press|p2a: Duraludon\n|-supereffective|p2a: Duraludon\n|-damage|p2a: Duraludon|13/249\n|move|p2a: Duraludon|Iron Defense|p2a: Duraludon\n|-boost|p2a: Duraludon|def|2\n|\n|-heal|p1a: Dachsbun|192/254|[from] item: Leftovers\n|upkeep\n|turn|28\n|\n|t:|1778211679\n|move|p1a: Dachsbun|Body Press|p2a: Duraludon\n|-supereffective|p2a: Duraludon\n|-damage|p2a: Duraludon|0 fnt\n|faint|p2a: Duraludon\n|\n|win|metrobulu\n|raw|metrobulu's rating: 1913 &rarr; <strong>1939</strong><br />(+26 for winning)\n|raw|TheSakman's rating: 2023 &rarr; <strong>1997</strong><br />(-26 for losing)\n",
  "inputlog": ">version d3c0b4cf388ee6ae107ccf7216674edd176762ce\n>start {\"formatid\":\"gen9randombattle\",\"seed\":\"sodium,e9bfb8ced45ad311471c29be0cce2798\",\"rated\":\"Rated battle\"}\n>player p1 {\"name\":\"metrobulu\",\"avatar\":\"265\",\"rating\":1913,\"seed\":\"sodium,0cb1560393f369d7a462a23fe6fa5fb5\"}\n>player p2 {\"name\":\"TheSakman\",\"avatar\":\"1\",\"rating\":2023,\"seed\":\"sodium,16415ada389dbb5f968eba9821db4f3f\"}\n>p1 move earthpower\n>p2 move trailblaze\n>p1 switch 3\n>p2 move facade\n>p1 move protect\n>p2 move facade\n>p1 switch 2\n>p2 move facade\n>p1 move knockoff\n>p2 move facade\n>p1 switch 5\n>p1 move firstimpression\n>p2 move willowisp\n>p2 switch 3\n>p1 move leechlife\n>p2 move triplearrows\n>p1 switch 3\n>p2 move knockoff\n>p1 move aeroblast\n>p2 switch 2\n>p1 switch 3\n>p2 move beatup\n>p1 move knockoff\n>p2 move moonblast\n>p1 switch 4\n>p1 move electrodrift terastallize\n>p2 switch 2\n>chat \u2606metrobulu|yo\n>p1 move electrodrift\n>p2 move roost\n>chat \u2606metrobulu|you ever wanna put \"ball\" after the \n>chat \u2606TheSakman|?\n>chat \u2606metrobulu|in your name\n>chat \u2606metrobulu|just a lil \"ball\" after the\n>chat \u2606TheSakman|why ball?\n>chat \u2606metrobulu|idk thought it would be cool nvm\n>chat \u2606TheSakman|ohhhh\n>chat \u2606TheSakman|LOOOOOL\n>chat \u2606metrobulu|LOL\n>p2 switch 4\n>p1 move electrodrift\n>p2 move tripleaxel\n>chat \u2606metrobulu|ty for laughing\n>chat \u2606metrobulu|:,D\n>p2 switch 5\n>p1 switch 2\n>p2 move dragondance\n>p1 move playrough\n>p2 move dragondance\n>p1 move playrough\n>p2 move dragondance\n>chat \u2606metrobulu|nvm i hate u\n>p2 switch 6\n>chat \u2606metrobulu|nvm\n>p1 switch 6\n>p2 move irondefense\n>p1 move scald\n>p2 move irondefense\n>p1 move scald\n>p2 move irondefense\n>p1 move scald\n>p2 move bodypress\n>p1 switch 3\n>p2 move bodypress\n>p1 move earthpower\n>p2 switch 2\n>p1 move earthpower\n>p2 move gunkshot\n>p1 switch 2\n>p1 move electrodrift\n>p2 move gunkshot\n>chat \u2606metrobulu|gg man\n>p1 switch 6\n>p1 move bodypress\n>p2 move gunkshot\n>p2 switch 2\n>p1 move bodypress\n>p2 move irondefense\n>p1 move bodypress\n>p2 move flashcannon",
  "uploadtime": 1778211680,
  "views": 2,
  "formatid": "gen9randombattle",
  "rating": 1939,
  "private": 0,
  "password": null
}