{
  "id": "gen9randombattle-2604524007",
  "format": "[Gen 9] Random Battle",
  "players": [
    "shuri2060",
    "lethaitrung99"
  ],
  "log": "|j|\u203dshuri2060\n|j|\u2606lethaitrung99\n|t:|1778211350\n|gametype|singles\n|player|p1|shuri2060|169|1724\n|player|p2|lethaitrung99|101|1686\n|gen|9\n|tier|[Gen 9] Random Battle\n|rated|\n|rule|Species Clause: Limit one of each Pok\u00e9mon\n|rule|HP Percentage Mod: HP is shown in percentages\n|rule|Sleep Clause Mod: Limit one foe put to sleep\n|rule|Illusion Level Mod: Illusion disguises the Pok\u00e9mon's true level\n|\n|t:|1778211350\n|teamsize|p1|6\n|teamsize|p2|6\n|start\n|switch|p1a: Golduck|Golduck, L90, F|290/290\n|switch|p2a: Kingdra|Kingdra, L84, M|263/263\n|-ability|p1a: Golduck|Cloud Nine\n|turn|1\n|inactive|Battle timer is ON: inactive players will automatically lose when time's up. (requested by lethaitrung99)\n|inactive|shuri2060 also wants the timer to be on.\n|\n|t:|1778211381\n|move|p1a: Golduck|Nasty Plot|p1a: Golduck\n|-boost|p1a: Golduck|spa|2\n|move|p2a: Kingdra|Dragon Dance|p2a: Kingdra\n|-boost|p2a: Kingdra|atk|1\n|-boost|p2a: Kingdra|spe|1\n|\n|upkeep\n|turn|2\n|\n|t:|1778211390\n|move|p2a: Kingdra|Outrage|p1a: Golduck\n|-damage|p1a: Golduck|86/290\n|move|p1a: Golduck|Grass Knot|p2a: Kingdra\n|-damage|p2a: Kingdra|82/263\n|-damage|p1a: Golduck|57/290|[from] item: Life Orb\n|\n|upkeep\n|turn|3\n|\n|t:|1778211402\n|move|p2a: Kingdra|Outrage|p1a: Golduck|[from] lockedmove\n|-damage|p1a: Golduck|0 fnt\n|faint|p1a: Golduck\n|\n|upkeep\n|\n|t:|1778211407\n|switch|p1a: Luxray|Luxray, L88, M|284/284\n|-ability|p1a: Luxray|Intimidate|boost\n|-unboost|p2a: Kingdra|atk|1\n|turn|4\n|\n|t:|1778211413\n|move|p2a: Kingdra|Outrage|p1a: Luxray|[from] lockedmove\n|-damage|p1a: Luxray|160/284\n|-start|p2a: Kingdra|confusion|[fatigue]\n|-enditem|p2a: Kingdra|Lum Berry|[eat]\n|-end|p2a: Kingdra|confusion\n|move|p1a: Luxray|Volt Switch|p2a: Kingdra\n|-damage|p2a: Kingdra|10/263\n|\n|t:|1778211420\n|switch|p1a: Zangoose|Zangoose, L85, F|263/263|[from] Volt Switch\n|\n|-status|p1a: Zangoose|tox|[from] item: Toxic Orb\n|upkeep\n|turn|5\n|l|\u203dshuri2060\n|inactive|shuri2060 disconnected and has a minute to reconnect!\n|player|p1|\n|\n|t:|1778211448\n|move|p1a: Zangoose|Quick Attack|p2a: Kingdra\n|-damage|p2a: Kingdra|0 fnt\n|faint|p2a: Kingdra\n|\n|-damage|p1a: Zangoose|247/263 tox|[from] psn\n|upkeep\n|\n|t:|1778211452\n|switch|p2a: Forretress|Forretress, L84, M|263/263\n|turn|6\n|j|\u203dshuri2060\n|inactive|shuri2060 reconnected and has 150 seconds left.\n|player|p1|shuri2060|169|\n|n|\u203dshuri2060|shuri2060\n|\n|t:|1778211465\n|switch|p1a: Lapras|Lapras, L87, F|368/368\n|move|p2a: Forretress|Body Press|p1a: Lapras\n|-supereffective|p1a: Lapras\n|-damage|p1a: Lapras|202/368\n|\n|upkeep\n|turn|7\n|\n|t:|1778211489\n|move|p1a: Lapras|Sparkling Aria|p2a: Forretress\n|-damage|p2a: Forretress|134/263\n|move|p2a: Forretress|Stealth Rock|p1a: Lapras\n|-sidestart|p1: shuri2060|move: Stealth Rock\n|\n|-heal|p2a: Forretress|150/263|[from] item: Leftovers\n|upkeep\n|turn|8\n|\n|t:|1778211496\n|move|p1a: Lapras|Sparkling Aria|p2a: Forretress\n|-damage|p2a: Forretress|23/263\n|move|p2a: Forretress|Body Press|p1a: Lapras\n|-supereffective|p1a: Lapras\n|-damage|p1a: Lapras|42/368\n|\n|-heal|p2a: Forretress|39/263|[from] item: Leftovers\n|upkeep\n|turn|9\n|\n|t:|1778211499\n|move|p1a: Lapras|Rest|p1a: Lapras\n|-status|p1a: Lapras|slp|[from] move: Rest\n|-heal|p1a: Lapras|368/368 slp|[silent]\n|move|p2a: Forretress|Spikes|p1a: Lapras\n|-sidestart|p1: shuri2060|Spikes\n|\n|-heal|p2a: Forretress|55/263|[from] item: Leftovers\n|upkeep\n|turn|10\n|\n|t:|1778211516\n|cant|p1a: Lapras|slp\n|move|p1a: Lapras|Sleep Talk|p1a: Lapras\n|move|p1a: Lapras|Rest||[from] move: Sleep Talk|[still]\n|-fail|p1a: Lapras\n|move|p2a: Forretress|Spikes|p1a: Lapras\n|-sidestart|p1: shuri2060|Spikes\n|\n|-heal|p2a: Forretress|71/263|[from] item: Leftovers\n|upkeep\n|turn|11\n|\n|t:|1778211521\n|cant|p1a: Lapras|slp\n|move|p1a: Lapras|Sleep Talk|p1a: Lapras\n|move|p1a: Lapras|Rest||[from] move: Sleep Talk|[still]\n|-fail|p1a: Lapras\n|move|p2a: Forretress|Body Press|p1a: Lapras\n|-supereffective|p1a: Lapras\n|-damage|p1a: Lapras|214/368 slp\n|\n|-heal|p2a: Forretress|87/263|[from] item: Leftovers\n|upkeep\n|turn|12\n|\n|t:|1778211529\n|-curestatus|p1a: Lapras|slp|[msg]\n|move|p1a: Lapras|Sparkling Aria|p2a: Forretress\n|-damage|p2a: Forretress|0 fnt\n|faint|p2a: Forretress\n|\n|upkeep\n|\n|t:|1778211530\n|switch|p2a: Bellibolt|Bellibolt, L84, M|320/320\n|turn|13\n|\n|t:|1778211537\n|switch|p1a: Zebstrika|Zebstrika, L87, M|272/272\n|-damage|p1a: Zebstrika|238/272|[from] Stealth Rock\n|-damage|p1a: Zebstrika|193/272|[from] Spikes\n|move|p2a: Bellibolt|Thunderbolt|p1a: Zebstrika\n|-resisted|p1a: Zebstrika\n|-damage|p1a: Zebstrika|129/272\n|\n|upkeep\n|turn|14\n|\n|t:|1778211551\n|switch|p2a: Krookodile|Krookodile, L79, F|280/280\n|-ability|p2a: Krookodile|Intimidate|boost\n|-unboost|p1a: Zebstrika|atk|1\n|move|p1a: Zebstrika|High Horsepower|p2a: Krookodile\n|-damage|p2a: Krookodile|206/280\n|-damage|p1a: Zebstrika|102/272|[from] item: Life Orb\n|\n|-heal|p2a: Krookodile|223/280|[from] item: Leftovers\n|upkeep\n|turn|15\n|\n|t:|1778211564\n|move|p1a: Zebstrika|Overheat|p2a: Krookodile\n|-damage|p2a: Krookodile|80/280\n|-unboost|p1a: Zebstrika|spa|2\n|-damage|p1a: Zebstrika|75/272|[from] item: Life Orb\n|move|p2a: Krookodile|Bulk Up|p2a: Krookodile\n|-boost|p2a: Krookodile|atk|1\n|-boost|p2a: Krookodile|def|1\n|\n|-heal|p2a: Krookodile|97/280|[from] item: Leftovers\n|upkeep\n|turn|16\n|\n|t:|1778211574\n|move|p1a: Zebstrika|Overheat|p2a: Krookodile\n|-damage|p2a: Krookodile|29/280\n|-unboost|p1a: Zebstrika|spa|2\n|-damage|p1a: Zebstrika|48/272|[from] item: Life Orb\n|move|p2a: Krookodile|Earthquake|p1a: Zebstrika\n|-supereffective|p1a: Zebstrika\n|-damage|p1a: Zebstrika|0 fnt\n|faint|p1a: Zebstrika\n|\n|-heal|p2a: Krookodile|46/280|[from] item: Leftovers\n|upkeep\n|\n|t:|1778211579\n|switch|p1a: Zangoose|Zangoose, L85, F|247/263 tox\n|-damage|p1a: Zangoose|215/263 tox|[from] Stealth Rock\n|-damage|p1a: Zangoose|172/263 tox|[from] Spikes\n|turn|17\n|\n|t:|1778211597\n|move|p1a: Zangoose|Facade|p2a: Krookodile\n|-damage|p2a: Krookodile|0 fnt\n|faint|p2a: Krookodile\n|\n|-damage|p1a: Zangoose|156/263 tox|[from] psn\n|upkeep\n|\n|t:|1778211599\n|switch|p2a: Bellibolt|Bellibolt, L84, M|320/320\n|turn|18\n|\n|t:|1778211603\n|-terastallize|p1a: Zangoose|Normal\n|move|p1a: Zangoose|Facade|p2a: Bellibolt\n|-damage|p2a: Bellibolt|0 fnt\n|faint|p2a: Bellibolt\n|\n|-damage|p1a: Zangoose|124/263 tox|[from] psn\n|upkeep\n|\n|t:|1778211626\n|switch|p2a: Florges|Florges-Blue, L85, F|271/271\n|turn|19\n|\n|t:|1778211631\n|-terastallize|p2a: Florges|Steel\n|move|p1a: Zangoose|Facade|p2a: Florges\n|-resisted|p2a: Florges\n|-damage|p2a: Florges|52/271\n|move|p2a: Florges|Moonblast|p1a: Zangoose\n|-damage|p1a: Zangoose|0 fnt\n|faint|p1a: Zangoose\n|\n|-heal|p2a: Florges|68/271|[from] item: Leftovers\n|upkeep\n|\n|t:|1778211644\n|switch|p1a: Mienshao|Mienshao, L83, M|243/243\n|-damage|p1a: Mienshao|228/243|[from] Stealth Rock\n|-damage|p1a: Mienshao|188/243|[from] Spikes\n|turn|20\n|\n|t:|1778211668\n|move|p1a: Mienshao|High Jump Kick|p2a: Florges\n|-supereffective|p2a: Florges\n|-damage|p2a: Florges|0 fnt\n|faint|p2a: Florges\n|\n|upkeep\n|\n|t:|1778211670\n|switch|p2a: Ursaluna|Ursaluna-Bloodmoon, L79, M|308/308\n|turn|21\n|\n|t:|1778211673\n|move|p1a: Mienshao|High Jump Kick|p2a: Ursaluna\n|-supereffective|p2a: Ursaluna\n|-damage|p2a: Ursaluna|0 fnt\n|faint|p2a: Ursaluna\n|\n|win|shuri2060\n|raw|shuri2060's rating: 1724 &rarr; <strong>1742</strong><br />(+18 for winning)\n|raw|lethaitrung99's rating: 1686 &rarr; <strong>1668</strong><br />(-18 for losing)\n|l|\u2606lethaitrung99\n|player|p2|\n",
  "inputlog": ">version d3c0b4cf388ee6ae107ccf7216674edd176762ce\n>start {\"formatid\":\"gen9randombattle\",\"seed\":\"sodium,b6ae79550d17a7e844f40187028d5faa\",\"rated\":\"Rated battle\"}\n>player p1 {\"name\":\"shuri2060\",\"avatar\":\"169\",\"rating\":1724,\"seed\":\"sodium,ca6c8447223de91514a4e1d47612193d\"}\n>player p2 {\"name\":\"lethaitrung99\",\"avatar\":\"101\",\"rating\":1686,\"seed\":\"sodium,ddb7270a62ad805dc2b81f2c97e14182\"}\n>p1 move nastyplot\n>p2 move dragondance\n>p1 move grassknot\n>p2 move outrage\n>p1 move grassknot\n>p2 move outrage\n>p1 switch 6\n>p1 move voltswitch\n>p2 move outrage\n>p1 switch 3\n>p1 move quickattack\n>p2 move outrage\n>p2 switch 4\n>p1 switch 4\n>p2 move bodypress\n>p1 move sparklingaria\n>p2 move stealthrock\n>p1 move sparklingaria\n>p2 move bodypress\n>p1 move rest\n>p2 move spikes\n>p1 move sleeptalk\n>p2 move spikes\n>p1 move sleeptalk\n>p2 move bodypress\n>p1 move sparklingaria\n>p2 move bodypress\n>p2 switch 5\n>p1 switch 5\n>p2 move thunderbolt\n>p1 move highhorsepower\n>p2 switch 6\n>p1 move overheat\n>p2 move bulkup\n>p1 move overheat\n>p2 move earthquake\n>p1 switch 4\n>p1 move facade\n>p2 move earthquake\n>p2 switch 6\n>p1 move facade terastallize\n>p2 move thunderbolt\n>p2 switch 3\n>p1 move facade\n>p2 move moonblast terastallize\n>p1 switch 2\n>p1 move highjumpkick\n>p2 move moonblast\n>p2 switch 2\n>p1 move highjumpkick\n>p2 move bloodmoon",
  "uploadtime": 1778211676,
  "views": 5,
  "formatid": "gen9randombattle",
  "rating": 1668,
  "private": 0,
  "password": null
}