{
  "id": "gen9randombattle-2604502129",
  "format": "[Gen 9] Random Battle",
  "players": [
    "Brewerfan",
    "Blendedcats"
  ],
  "log": "|j|\u2606Brewerfan\n|j|\u2606Blendedcats\n|t:|1778208716\n|gametype|singles\n|player|p1|Brewerfan|riley|2034\n|player|p2|Blendedcats|picnicker|2088\n|gen|9\n|tier|[Gen 9] Random Battle\n|rated|\n|rule|Species Clause: Limit one of each Pok\u00e9mon\n|rule|HP Percentage Mod: HP is shown in percentages\n|rule|Sleep Clause Mod: Limit one foe put to sleep\n|rule|Illusion Level Mod: Illusion disguises the Pok\u00e9mon's true level\n|\n|t:|1778208716\n|teamsize|p1|6\n|teamsize|p2|6\n|start\n|switch|p1a: Venusaur|Venusaur, L84, M|272/272\n|switch|p2a: Falinks|Falinks, L84|246/246\n|turn|1\n|inactive|Battle timer is ON: inactive players will automatically lose when time's up. (requested by Blendedcats)\n|\n|t:|1778208729\n|switch|p2a: Tropius|Tropius, L91, F|328/328\n|move|p1a: Venusaur|Leech Seed|p2a: Tropius\n|-immune|p2a: Tropius\n|\n|upkeep\n|turn|2\n|\n|t:|1778208738\n|move|p1a: Venusaur|Sludge Bomb|p2a: Tropius\n|-supereffective|p2a: Tropius\n|-damage|p2a: Tropius|136/328\n|-enditem|p2a: Tropius|Sitrus Berry|[eat]\n|-heal|p2a: Tropius|218/328|[from] item: Sitrus Berry\n|move|p2a: Tropius|Dragon Dance|p2a: Tropius\n|-boost|p2a: Tropius|atk|1\n|-boost|p2a: Tropius|spe|1\n|\n|upkeep\n|turn|3\n|\n|t:|1778208744\n|move|p2a: Tropius|Dual Wingbeat|p1a: Venusaur\n|-supereffective|p1a: Venusaur\n|-damage|p1a: Venusaur|162/272\n|-supereffective|p1a: Venusaur\n|-crit|p1a: Venusaur\n|-damage|p1a: Venusaur|0 fnt\n|faint|p1a: Venusaur\n|-hitcount|p1: Venusaur|2\n|\n|-item|p2a: Tropius|Sitrus Berry|[from] ability: Harvest\n|upkeep\n|\n|t:|1778208769\n|switch|p1a: Oricorio|Oricorio, L84, F|263/263\n|turn|4\n|\n|t:|1778208778\n|switch|p2a: Lycanroc|Lycanroc-Dusk, L81, F|254/254\n|move|p1a: Oricorio|Quiver Dance|p1a: Oricorio\n|-boost|p1a: Oricorio|spa|1\n|-boost|p1a: Oricorio|spd|1\n|-boost|p1a: Oricorio|spe|1\n|\n|upkeep\n|turn|5\n|\n|t:|1778208786\n|switch|p1a: Whiscash|Whiscash, L88, M|337/337\n|move|p2a: Lycanroc|Accelerock|p1a: Whiscash\n|-resisted|p1a: Whiscash\n|-damage|p1a: Whiscash|287/337\n|\n|upkeep\n|turn|6\n|\n|t:|1778208791\n|switch|p2a: Mienshao|Mienshao, L83, F|243/243\n|move|p1a: Whiscash|Dragon Dance|p1a: Whiscash\n|-boost|p1a: Whiscash|atk|1\n|-boost|p1a: Whiscash|spe|1\n|\n|upkeep\n|turn|7\n|\n|t:|1778208797\n|move|p1a: Whiscash|Liquidation|p2a: Mienshao\n|-damage|p2a: Mienshao|9/243\n|-damage|p1a: Whiscash|254/337|[from] item: Life Orb\n|move|p2a: Mienshao|High Jump Kick|p1a: Whiscash\n|-damage|p1a: Whiscash|0 fnt\n|faint|p1a: Whiscash\n|\n|upkeep\n|\n|t:|1778208805\n|switch|p1a: Victreebel|Victreebel, L90, M|290/290\n|turn|8\n|\n|t:|1778208815\n|move|p2a: Mienshao|High Jump Kick|p1a: Victreebel\n|-resisted|p1a: Victreebel\n|-damage|p1a: Victreebel|118/290\n|move|p1a: Victreebel|Poison Jab|p2a: Mienshao\n|-damage|p2a: Mienshao|0 fnt\n|faint|p2a: Mienshao\n|-damage|p1a: Victreebel|89/290|[from] item: Life Orb\n|\n|upkeep\n|\n|t:|1778208823\n|switch|p2a: Mabosstiff|Mabosstiff, L86, M|278/278\n|turn|9\n|\n|t:|1778208829\n|move|p1a: Victreebel|Sucker Punch|p2a: Mabosstiff\n|-resisted|p2a: Mabosstiff\n|-damage|p2a: Mabosstiff|240/278\n|-damage|p1a: Victreebel|60/290|[from] item: Life Orb\n|move|p2a: Mabosstiff|Crunch|p1a: Victreebel\n|-damage|p1a: Victreebel|0 fnt\n|faint|p1a: Victreebel\n|\n|upkeep\n|\n|t:|1778208838\n|switch|p1a: Snorlax|Snorlax, L82, M|397/397\n|turn|10\n|\n|t:|1778208846\n|move|p2a: Mabosstiff|Crunch|p1a: Snorlax\n|-damage|p1a: Snorlax|264/397\n|move|p1a: Snorlax|Curse|p1a: Snorlax\n|-unboost|p1a: Snorlax|spe|1\n|-boost|p1a: Snorlax|atk|1\n|-boost|p1a: Snorlax|def|1\n|\n|-heal|p1a: Snorlax|288/397|[from] item: Leftovers\n|upkeep\n|turn|11\n|\n|t:|1778208850\n|move|p2a: Mabosstiff|Crunch|p1a: Snorlax\n|-damage|p1a: Snorlax|192/397\n|-unboost|p1a: Snorlax|def|1\n|move|p1a: Snorlax|Curse|p1a: Snorlax\n|-unboost|p1a: Snorlax|spe|1\n|-boost|p1a: Snorlax|atk|1\n|-boost|p1a: Snorlax|def|1\n|\n|-heal|p1a: Snorlax|216/397|[from] item: Leftovers\n|upkeep\n|turn|12\n|\n|t:|1778208860\n|switch|p2a: Bastiodon|Bastiodon, L89, F|252/252\n|move|p1a: Snorlax|Rest|p1a: Snorlax\n|-status|p1a: Snorlax|slp|[from] move: Rest\n|-heal|p1a: Snorlax|397/397 slp|[silent]\n|\n|upkeep\n|turn|13\n|\n|t:|1778208865\n|switch|p1a: Mesprit|Mesprit, L85|275/275\n|move|p2a: Bastiodon|Iron Defense|p2a: Bastiodon\n|-boost|p2a: Bastiodon|def|2\n|\n|upkeep\n|turn|14\n|\n|t:|1778208871\n|switch|p2a: Mabosstiff|Mabosstiff, L86, M|240/278\n|move|p1a: Mesprit|Encore||[still]\n|-fail|p1a: Mesprit\n|\n|upkeep\n|turn|15\n|\n|t:|1778208882\n|move|p2a: Mabosstiff|Crunch|p1a: Mesprit\n|-supereffective|p1a: Mesprit\n|-damage|p1a: Mesprit|107/275\n|move|p1a: Mesprit|U-turn|p2a: Mabosstiff\n|-supereffective|p2a: Mabosstiff\n|-damage|p2a: Mabosstiff|130/278\n|\n|t:|1778208885\n|switch|p1a: Snorlax|Snorlax, L82, M|397/397 slp|[from] U-turn\n|\n|upkeep\n|turn|16\n|\n|t:|1778208889\n|move|p2a: Mabosstiff|Crunch|p1a: Snorlax\n|-crit|p1a: Snorlax\n|-damage|p1a: Snorlax|204/397 slp\n|-unboost|p1a: Snorlax|def|1\n|cant|p1a: Snorlax|slp\n|move|p1a: Snorlax|Sleep Talk|p1a: Snorlax\n|move|p1a: Snorlax|Curse|p1a: Snorlax|[from] move: Sleep Talk\n|-unboost|p1a: Snorlax|spe|1\n|-boost|p1a: Snorlax|atk|1\n|-boost|p1a: Snorlax|def|1\n|\n|-heal|p1a: Snorlax|228/397 slp|[from] item: Leftovers\n|upkeep\n|turn|17\n|\n|t:|1778208894\n|move|p2a: Mabosstiff|Crunch|p1a: Snorlax\n|-damage|p1a: Snorlax|90/397 slp\n|cant|p1a: Snorlax|slp\n|move|p1a: Snorlax|Sleep Talk|p1a: Snorlax\n|move|p1a: Snorlax|Body Slam|p2a: Mabosstiff|[from] move: Sleep Talk\n|-damage|p2a: Mabosstiff|0 fnt\n|faint|p2a: Mabosstiff\n|\n|-heal|p1a: Snorlax|114/397 slp|[from] item: Leftovers\n|upkeep\n|\n|t:|1778208904\n|switch|p2a: Lycanroc|Lycanroc-Dusk, L81, F|254/254\n|turn|18\n|\n|t:|1778208908\n|move|p2a: Lycanroc|Stone Edge|p1a: Snorlax|[miss]\n|-miss|p2a: Lycanroc|p1a: Snorlax\n|-curestatus|p1a: Snorlax|slp|[msg]\n|move|p1a: Snorlax|Rest|p1a: Snorlax\n|-status|p1a: Snorlax|slp|[from] move: Rest\n|-heal|p1a: Snorlax|397/397 slp|[silent]\n|\n|upkeep\n|turn|19\n|\n|t:|1778208910\n|move|p2a: Lycanroc|Stone Edge|p1a: Snorlax\n|-damage|p1a: Snorlax|180/397 slp\n|cant|p1a: Snorlax|slp\n|move|p1a: Snorlax|Sleep Talk|p1a: Snorlax\n|move|p1a: Snorlax|Curse|p1a: Snorlax|[from] move: Sleep Talk\n|-unboost|p1a: Snorlax|spe|1\n|-boost|p1a: Snorlax|atk|1\n|-boost|p1a: Snorlax|def|1\n|\n|-heal|p1a: Snorlax|204/397 slp|[from] item: Leftovers\n|upkeep\n|turn|20\n|\n|t:|1778208913\n|move|p2a: Lycanroc|Stone Edge|p1a: Snorlax\n|-damage|p1a: Snorlax|45/397 slp\n|cant|p1a: Snorlax|slp\n|move|p1a: Snorlax|Sleep Talk|p1a: Snorlax\n|move|p1a: Snorlax|Curse|p1a: Snorlax|[from] move: Sleep Talk\n|-unboost|p1a: Snorlax|spe|1\n|-boost|p1a: Snorlax|atk|1\n|-boost|p1a: Snorlax|def|1\n|\n|-heal|p1a: Snorlax|69/397 slp|[from] item: Leftovers\n|upkeep\n|turn|21\n|\n|t:|1778208918\n|move|p2a: Lycanroc|Stone Edge|p1a: Snorlax\n|-damage|p1a: Snorlax|0 fnt\n|faint|p1a: Snorlax\n|\n|upkeep\n|\n|t:|1778208922\n|switch|p1a: Mesprit|Mesprit, L85|107/275\n|turn|22\n|\n|t:|1778208929\n|move|p2a: Lycanroc|Stone Edge|p1a: Mesprit\n|-damage|p1a: Mesprit|0 fnt\n|faint|p1a: Mesprit\n|\n|upkeep\n|\n|t:|1778208933\n|switch|p1a: Oricorio|Oricorio, L84, F|263/263\n|turn|23\n|\n|t:|1778208937\n|switch|p2a: Bastiodon|Bastiodon, L89, F|252/252\n|-terastallize|p1a: Oricorio|Ground\n|move|p1a: Oricorio|Quiver Dance|p1a: Oricorio\n|-boost|p1a: Oricorio|spa|1\n|-boost|p1a: Oricorio|spd|1\n|-boost|p1a: Oricorio|spe|1\n|\n|upkeep\n|turn|24\n|\n|t:|1778208940\n|-terastallize|p2a: Bastiodon|Fighting\n|move|p1a: Oricorio|Revelation Dance|p2a: Bastiodon\n|-damage|p2a: Bastiodon|158/252\n|move|p2a: Bastiodon|Iron Defense|p2a: Bastiodon\n|-boost|p2a: Bastiodon|def|2\n|\n|upkeep\n|turn|25\n|\n|t:|1778208943\n|move|p1a: Oricorio|Hurricane|p2a: Bastiodon\n|-supereffective|p2a: Bastiodon\n|-damage|p2a: Bastiodon|0 fnt\n|faint|p2a: Bastiodon\n|\n|upkeep\n|\n|t:|1778208946\n|switch|p2a: Tropius|Tropius, L91, F|218/328\n|turn|26\n|\n|t:|1778208949\n|move|p1a: Oricorio|Hurricane|p2a: Tropius|[miss]\n|-miss|p1a: Oricorio|p2a: Tropius\n|move|p2a: Tropius|Leaf Blade|p1a: Oricorio\n|-supereffective|p1a: Oricorio\n|-damage|p1a: Oricorio|41/263\n|\n|upkeep\n|turn|27\n|\n|t:|1778208953\n|move|p1a: Oricorio|Hurricane|p2a: Tropius\n|-supereffective|p2a: Tropius\n|-damage|p2a: Tropius|0 fnt\n|faint|p2a: Tropius\n|\n|upkeep\n|\n|t:|1778208954\n|switch|p2a: Lycanroc|Lycanroc-Dusk, L81, F|254/254\n|turn|28\n|\n|t:|1778208957\n|move|p2a: Lycanroc|Accelerock|p1a: Oricorio\n|-resisted|p1a: Oricorio\n|-damage|p1a: Oricorio|0 fnt\n|faint|p1a: Oricorio\n|\n|win|Blendedcats\n|raw|Brewerfan's rating: 2034 &rarr; <strong>2017</strong><br />(-17 for losing)\n|raw|Blendedcats's rating: 2088 &rarr; <strong>2105</strong><br />(+17 for winning)\n",
  "inputlog": ">version d3c0b4cf388ee6ae107ccf7216674edd176762ce\n>start {\"formatid\":\"gen9randombattle\",\"seed\":\"sodium,1900d49c26cb3d163314ce2355a3a14b\",\"rated\":\"Rated battle\"}\n>player p1 {\"name\":\"Brewerfan\",\"avatar\":\"riley\",\"rating\":2034,\"seed\":\"sodium,0f8cf9d342441f21e5b5934f36a0735b\"}\n>player p2 {\"name\":\"Blendedcats\",\"avatar\":\"picnicker\",\"rating\":2088,\"seed\":\"sodium,e7922c79e8f4736bc67b4e196f0bc773\"}\n>p1 move leechseed\n>p2 switch 3\n>p1 move sludgebomb\n>p2 move dragondance\n>p1 move sludgebomb\n>p2 move dualwingbeat\n>p1 switch 4\n>p1 move quiverdance\n>p2 switch 4\n>p1 switch 6\n>p2 move accelerock\n>p1 move dragondance\n>p2 switch 2\n>p1 move liquidation\n>p2 move highjumpkick\n>p1 switch 3\n>p1 move poisonjab\n>p2 move highjumpkick\n>p2 switch 5\n>p1 move suckerpunch\n>p2 move crunch\n>p1 switch 2\n>p1 move curse\n>p2 move crunch\n>p1 move curse\n>p2 move crunch\n>p1 move rest\n>p2 switch 6\n>p1 switch 5\n>p2 move irondefense\n>p1 move encore\n>p2 switch 6\n>p1 move uturn\n>p2 move crunch\n>p1 switch 5\n>p1 move sleeptalk\n>p2 move crunch\n>p1 move sleeptalk\n>p2 move crunch\n>p2 switch 2\n>p1 move rest\n>p2 move stoneedge\n>p1 move sleeptalk\n>p2 move stoneedge\n>p1 move sleeptalk\n>p2 move stoneedge\n>p1 move rest\n>p2 move stoneedge\n>p1 switch 5\n>p1 move thunderwave\n>p2 move stoneedge\n>p1 switch 6\n>p1 move quiverdance terastallize\n>p2 switch 6\n>p1 move revelationdance\n>p2 move irondefense terastallize\n>p1 move hurricane\n>p2 move bodypress\n>p2 switch 4\n>p1 move hurricane\n>p2 move leafblade\n>p1 move hurricane\n>p2 move leafblade\n>p2 switch 6\n>p1 move roost\n>p2 move accelerock",
  "uploadtime": 1778208957,
  "views": 2,
  "formatid": "gen9randombattle",
  "rating": 2017,
  "private": 0,
  "password": null
}