{
  "id": "gen9randombattle-2604496008",
  "format": "[Gen 9] Random Battle",
  "players": [
    "AssaultLei",
    "100taka"
  ],
  "log": "|j|\u2606AssaultLei\n|j|\u2606100taka\n|t:|1778208011\n|gametype|singles\n|player|p1|AssaultLei|unknown|2170\n|player|p2|100taka|265|2188\n|gen|9\n|tier|[Gen 9] Random Battle\n|rated|\n|rule|Species Clause: Limit one of each Pok\u00e9mon\n|rule|HP Percentage Mod: HP is shown in percentages\n|rule|Sleep Clause Mod: Limit one foe put to sleep\n|rule|Illusion Level Mod: Illusion disguises the Pok\u00e9mon's true level\n|\n|t:|1778208011\n|teamsize|p1|6\n|teamsize|p2|6\n|start\n|switch|p1a: Alomomola|Alomomola, L87, M|429/429\n|switch|p2a: Necrozma|Necrozma-Dusk-Mane, L69|248/248\n|turn|1\n|\n|t:|1778208027\n|switch|p2a: Toxapex|Toxapex, L82, F|216/216\n|move|p1a: Alomomola|Scald|p2a: Toxapex\n|-resisted|p2a: Toxapex\n|-damage|p2a: Toxapex|199/216\n|\n|upkeep\n|turn|2\n|\n|t:|1778208036\n|move|p1a: Alomomola|Protect|p1a: Alomomola\n|-singleturn|p1a: Alomomola|Protect\n|move|p2a: Toxapex|Toxic|p1a: Alomomola\n|-activate|p1a: Alomomola|move: Protect\n|\n|upkeep\n|turn|3\n|\n|t:|1778208044\n|move|p1a: Alomomola|Flip Turn|p2a: Toxapex\n|-resisted|p2a: Toxapex\n|-damage|p2a: Toxapex|181/216\n|-damage|p1a: Alomomola|358/429|[from] item: Rocky Helmet|[of] p2a: Toxapex\n|\n|t:|1778208055\n|switch|p1a: Bisharp|Bisharp, L79, F|232/232|[from] Flip Turn\n|move|p2a: Toxapex|Toxic|p1a: Bisharp\n|-immune|p1a: Bisharp\n|\n|upkeep\n|turn|4\n|\n|t:|1778208063\n|move|p1a: Bisharp|Swords Dance|p1a: Bisharp\n|-boost|p1a: Bisharp|atk|2\n|move|p2a: Toxapex|Liquidation|p1a: Bisharp\n|-damage|p1a: Bisharp|192/232\n|\n|upkeep\n|turn|5\n|\n|t:|1778208084\n|switch|p1a: Rotom|Rotom-Frost, L87|229/229\n|move|p2a: Toxapex|Haze|p2a: Toxapex\n|-clearallboost\n|\n|upkeep\n|turn|6\n|\n|t:|1778208093\n|switch|p2a: Piloswine|Piloswine, L85, M|309/309\n|move|p1a: Rotom|Thunderbolt|p2a: Piloswine\n|-immune|p2a: Piloswine\n|\n|upkeep\n|turn|7\n|\n|t:|1778208105\n|switch|p2a: Toxapex|Toxapex, L82, F|216/216\n|move|p1a: Rotom|Will-O-Wisp|p2a: Toxapex|[miss]\n|-miss|p1a: Rotom|p2a: Toxapex\n|\n|upkeep\n|turn|8\n|\n|t:|1778208113\n|move|p1a: Rotom|Nasty Plot|p1a: Rotom\n|-boost|p1a: Rotom|spa|2\n|move|p2a: Toxapex|Toxic|p1a: Rotom\n|-status|p1a: Rotom|tox\n|\n|-damage|p1a: Rotom|215/229 tox|[from] psn\n|upkeep\n|turn|9\n|\n|t:|1778208121\n|switch|p2a: Piloswine|Piloswine, L85, M|309/309\n|move|p1a: Rotom|Blizzard|p2a: Piloswine\n|-damage|p2a: Piloswine|197/309\n|\n|-damage|p1a: Rotom|187/229 tox|[from] psn\n|upkeep\n|turn|10\n|\n|t:|1778208129\n|move|p1a: Rotom|Will-O-Wisp|p2a: Piloswine|[miss]\n|-miss|p1a: Rotom|p2a: Piloswine\n|move|p2a: Piloswine|Roar|p1a: Rotom\n|drag|p1a: Dragonite|Dragonite, L74, M|257/257\n|\n|upkeep\n|turn|11\n|\n|t:|1778208145\n|switch|p1a: Alomomola|Alomomola, L87, M|429/429\n|move|p2a: Piloswine|Icicle Crash|p1a: Alomomola\n|-resisted|p1a: Alomomola\n|-damage|p1a: Alomomola|377/429\n|\n|upkeep\n|turn|12\n|\n|t:|1778208154\n|switch|p2a: Exeggutor|Exeggutor, L89, M|312/312\n|move|p1a: Alomomola|Flip Turn|p2a: Exeggutor\n|-resisted|p2a: Exeggutor\n|-damage|p2a: Exeggutor|284/312\n|\n|t:|1778208163\n|switch|p1a: Typhlosion|Typhlosion-Hisui, L83, F|257/257|[from] Flip Turn\n|\n|upkeep\n|turn|13\n|\n|t:|1778208169\n|switch|p2a: Toxapex|Toxapex, L82, F|216/216\n|move|p1a: Typhlosion|Eruption|p2a: Toxapex\n|-resisted|p2a: Toxapex\n|-damage|p2a: Toxapex|123/216\n|\n|upkeep\n|turn|14\n|\n|t:|1778208188\n|switch|p1a: Rotom|Rotom-Frost, L87|187/229 tox\n|move|p2a: Toxapex|Liquidation|p1a: Rotom\n|-damage|p1a: Rotom|139/229 tox\n|\n|-damage|p1a: Rotom|125/229 tox|[from] psn\n|upkeep\n|turn|15\n|\n|t:|1778208196\n|switch|p2a: Piloswine|Piloswine, L85, M|197/309\n|move|p1a: Rotom|Will-O-Wisp|p2a: Piloswine\n|-status|p2a: Piloswine|brn\n|\n|-damage|p1a: Rotom|97/229 tox|[from] psn\n|-damage|p2a: Piloswine|178/309 brn|[from] brn\n|upkeep\n|turn|16\n|\n|t:|1778208206\n|switch|p1a: Alomomola|Alomomola, L87, M|429/429\n|switch|p2a: Toxapex|Toxapex, L82, F|195/216\n|\n|upkeep\n|turn|17\n|\n|t:|1778208213\n|move|p1a: Alomomola|Flip Turn|p2a: Toxapex\n|-resisted|p2a: Toxapex\n|-damage|p2a: Toxapex|177/216\n|-damage|p1a: Alomomola|358/429|[from] item: Rocky Helmet|[of] p2a: Toxapex\n|\n|t:|1778208219\n|switch|p1a: Rotom|Rotom-Frost, L87|97/229 tox|[from] Flip Turn\n|move|p2a: Toxapex|Liquidation|p1a: Rotom\n|-damage|p1a: Rotom|43/229 tox\n|-unboost|p1a: Rotom|def|1\n|\n|-damage|p1a: Rotom|29/229 tox|[from] psn\n|upkeep\n|turn|18\n|\n|t:|1778208230\n|switch|p2a: Piloswine|Piloswine, L85, M|178/309 brn\n|move|p1a: Rotom|Thunderbolt|p2a: Piloswine\n|-immune|p2a: Piloswine\n|\n|-damage|p1a: Rotom|1/229 tox|[from] psn\n|-damage|p2a: Piloswine|159/309 brn|[from] brn\n|upkeep\n|turn|19\n|\n|t:|1778208239\n|switch|p1a: Alomomola|Alomomola, L87, M|429/429\n|move|p2a: Piloswine|Icicle Crash|p1a: Alomomola\n|-resisted|p1a: Alomomola\n|-damage|p1a: Alomomola|405/429\n|\n|-damage|p2a: Piloswine|140/309 brn|[from] brn\n|upkeep\n|turn|20\n|\n|t:|1778208251\n|switch|p2a: Toxapex|Toxapex, L82, F|216/216\n|move|p1a: Alomomola|Flip Turn|p2a: Toxapex\n|-resisted|p2a: Toxapex\n|-damage|p2a: Toxapex|198/216\n|-damage|p1a: Alomomola|334/429|[from] item: Rocky Helmet|[of] p2a: Toxapex\n|\n|t:|1778208266\n|switch|p1a: Rotom|Rotom-Frost, L87|1/229 tox|[from] Flip Turn\n|\n|-damage|p1a: Rotom|0 fnt|[from] psn\n|faint|p1a: Rotom\n|upkeep\n|\n|t:|1778208275\n|switch|p1a: Bisharp|Bisharp, L79, F|192/232\n|turn|21\n|\n|t:|1778208288\n|move|p1a: Bisharp|Swords Dance|p1a: Bisharp\n|-boost|p1a: Bisharp|atk|2\n|move|p2a: Toxapex|Haze|p2a: Toxapex\n|-clearallboost\n|\n|upkeep\n|turn|22\n|\n|t:|1778208294\n|move|p1a: Bisharp|Swords Dance|p1a: Bisharp\n|-boost|p1a: Bisharp|atk|2\n|move|p2a: Toxapex|Haze|p2a: Toxapex\n|-clearallboost\n|\n|upkeep\n|turn|23\n|\n|t:|1778208301\n|move|p1a: Bisharp|Swords Dance|p1a: Bisharp\n|-boost|p1a: Bisharp|atk|2\n|move|p2a: Toxapex|Haze|p2a: Toxapex\n|-clearallboost\n|\n|upkeep\n|turn|24\n|\n|t:|1778208308\n|move|p1a: Bisharp|Throat Chop|p2a: Toxapex\n|-damage|p2a: Toxapex|135/216\n|-start|p2a: Toxapex|Throat Chop|[silent]\n|-damage|p1a: Bisharp|154/232|[from] item: Rocky Helmet|[of] p2a: Toxapex\n|move|p2a: Toxapex|Haze|p2a: Toxapex\n|-clearallboost\n|\n|upkeep\n|turn|25\n|\n|t:|1778208316\n|move|p1a: Bisharp|Swords Dance|p1a: Bisharp\n|-boost|p1a: Bisharp|atk|2\n|move|p2a: Toxapex|Haze|p2a: Toxapex\n|-clearallboost\n|\n|-end|p2a: Toxapex|Throat Chop|[silent]\n|upkeep\n|turn|26\n|\n|t:|1778208323\n|move|p1a: Bisharp|Swords Dance|p1a: Bisharp\n|-boost|p1a: Bisharp|atk|2\n|move|p2a: Toxapex|Haze|p2a: Toxapex\n|-clearallboost\n|\n|upkeep\n|turn|27\n|\n|t:|1778208329\n|move|p1a: Bisharp|Throat Chop|p2a: Toxapex\n|-damage|p2a: Toxapex|71/216\n|-start|p2a: Toxapex|Throat Chop|[silent]\n|-damage|p1a: Bisharp|116/232|[from] item: Rocky Helmet|[of] p2a: Toxapex\n|move|p2a: Toxapex|Haze|p2a: Toxapex\n|-clearallboost\n|\n|upkeep\n|turn|28\n|\n|t:|1778208337\n|switch|p2a: Necrozma|Necrozma-Dusk-Mane, L69|248/248\n|move|p1a: Bisharp|Swords Dance|p1a: Bisharp\n|-boost|p1a: Bisharp|atk|2\n|\n|upkeep\n|turn|29\n|\n|t:|1778208348\n|move|p1a: Bisharp|Iron Head|p2a: Necrozma\n|-resisted|p2a: Necrozma\n|-damage|p2a: Necrozma|161/248\n|move|p2a: Necrozma|Earthquake|p1a: Bisharp\n|-supereffective|p1a: Bisharp\n|-damage|p1a: Bisharp|30/232\n|\n|upkeep\n|turn|30\n|\n|t:|1778208358\n|switch|p2a: Piloswine|Piloswine, L85, M|140/309 brn\n|move|p1a: Bisharp|Throat Chop|p2a: Piloswine\n|-damage|p2a: Piloswine|4/309 brn\n|-start|p2a: Piloswine|Throat Chop|[silent]\n|\n|-damage|p2a: Piloswine|0 fnt|[from] brn\n|faint|p2a: Piloswine\n|upkeep\n|\n|t:|1778208382\n|switch|p2a: Flapple|Flapple, L88, M|266/266\n|turn|31\n|\n|t:|1778208394\n|move|p1a: Bisharp|Sucker Punch|p2a: Flapple\n|-damage|p2a: Flapple|92/266\n|move|p2a: Flapple|U-turn|p1a: Bisharp\n|-damage|p1a: Bisharp|0 fnt\n|faint|p1a: Bisharp\n|\n|t:|1778208398\n|switch|p2a: Toxapex|Toxapex, L82, F|143/216|[from] U-turn\n|\n|upkeep\n|\n|t:|1778208410\n|switch|p1a: Dragonite|Dragonite, L74, M|257/257\n|turn|32\n|\n|t:|1778208414\n|move|p1a: Dragonite|Dragon Dance|p1a: Dragonite\n|-boost|p1a: Dragonite|atk|1\n|-boost|p1a: Dragonite|spe|1\n|move|p2a: Toxapex|Toxic|p1a: Dragonite\n|-status|p1a: Dragonite|tox\n|\n|-damage|p1a: Dragonite|241/257 tox|[from] psn\n|upkeep\n|turn|33\n|\n|t:|1778208424\n|switch|p2a: Exeggutor|Exeggutor, L89, M|284/312\n|move|p1a: Dragonite|Earthquake|p2a: Exeggutor\n|-resisted|p2a: Exeggutor\n|-damage|p2a: Exeggutor|233/312\n|\n|-damage|p1a: Dragonite|209/257 tox|[from] psn\n|upkeep\n|turn|34\n|\n|t:|1778208434\n|move|p1a: Dragonite|Dragon Dance|p1a: Dragonite\n|-boost|p1a: Dragonite|atk|1\n|-boost|p1a: Dragonite|spe|1\n|move|p2a: Exeggutor|Substitute|p2a: Exeggutor\n|-start|p2a: Exeggutor|Substitute\n|-damage|p2a: Exeggutor|155/312\n|-enditem|p2a: Exeggutor|Sitrus Berry|[eat]\n|-heal|p2a: Exeggutor|233/312|[from] item: Sitrus Berry\n|\n|-damage|p1a: Dragonite|161/257 tox|[from] psn\n|upkeep\n|turn|35\n|\n|t:|1778208447\n|move|p2a: Exeggutor|Protect|p2a: Exeggutor\n|-singleturn|p2a: Exeggutor|Protect\n|move|p1a: Dragonite|Iron Head|p2a: Exeggutor\n|-activate|p2a: Exeggutor|move: Protect\n|\n|-damage|p1a: Dragonite|97/257 tox|[from] psn\n|-item|p2a: Exeggutor|Sitrus Berry|[from] ability: Harvest\n|upkeep\n|turn|36\n|\n|t:|1778208458\n|move|p1a: Dragonite|Iron Head|p2a: Exeggutor\n|-end|p2a: Exeggutor|Substitute\n|move|p2a: Exeggutor|Leech Seed|p1a: Dragonite\n|-start|p1a: Dragonite|move: Leech Seed\n|\n|-damage|p1a: Dragonite|65/257 tox|[from] Leech Seed|[of] p2a: Exeggutor\n|-heal|p2a: Exeggutor|265/312|[silent]\n|-damage|p1a: Dragonite|0 fnt|[from] psn\n|faint|p1a: Dragonite\n|upkeep\n|\n|t:|1778208466\n|switch|p1a: Typhlosion|Typhlosion-Hisui, L83, F|257/257\n|turn|37\n|\n|t:|1778208472\n|-terastallize|p1a: Typhlosion|Fire\n|move|p2a: Exeggutor|Protect|p2a: Exeggutor\n|-singleturn|p2a: Exeggutor|Protect\n|move|p1a: Typhlosion|Eruption|p2a: Exeggutor\n|-activate|p2a: Exeggutor|move: Protect\n|\n|upkeep\n|turn|38\n|\n|t:|1778208479\n|switch|p2a: Walking Wake|Walking Wake, L79|286/286\n|move|p1a: Typhlosion|Eruption|p2a: Walking Wake\n|-resisted|p2a: Walking Wake\n|-damage|p2a: Walking Wake|189/286\n|\n|upkeep\n|turn|39\n|\n|t:|1778208490\n|switch|p1a: Alomomola|Alomomola, L87, M|429/429\n|move|p2a: Walking Wake|Draco Meteor|p1a: Alomomola\n|-damage|p1a: Alomomola|143/429\n|-unboost|p2a: Walking Wake|spa|2\n|-damage|p2a: Walking Wake|161/286|[from] item: Life Orb\n|\n|upkeep\n|turn|40\n|\n|t:|1778208500\n|-end|p2a: Walking Wake|Protosynthesis|[silent]\n|switch|p2a: Toxapex|Toxapex, L82, F|215/216\n|switch|p1a: Basculin|Basculin-Blue-Striped, L86, F|261/261\n|\n|upkeep\n|turn|41\n|\n|t:|1778208509\n|move|p1a: Basculin|Double-Edge|p2a: Toxapex\n|-damage|p2a: Toxapex|133/216\n|-damage|p1a: Basculin|218/261|[from] item: Rocky Helmet|[of] p2a: Toxapex\n|-damage|p1a: Basculin|191/261|[from] Recoil\n|move|p2a: Toxapex|Toxic|p1a: Basculin\n|-status|p1a: Basculin|tox\n|\n|-damage|p1a: Basculin|175/261 tox|[from] psn\n|upkeep\n|turn|42\n|\n|t:|1778208518\n|switch|p1a: Alomomola|Alomomola, L87, M|286/429\n|move|p2a: Toxapex|Recover|p2a: Toxapex\n|-heal|p2a: Toxapex|216/216\n|\n|upkeep\n|turn|43\n|\n|t:|1778208525\n|move|p1a: Alomomola|Wish|p1a: Alomomola\n|move|p2a: Toxapex|Toxic|p1a: Alomomola\n|-status|p1a: Alomomola|tox\n|\n|-damage|p1a: Alomomola|260/429 tox|[from] psn\n|upkeep\n|turn|44\n|\n|t:|1778208534\n|move|p1a: Alomomola|Flip Turn|p2a: Toxapex\n|-resisted|p2a: Toxapex\n|-damage|p2a: Toxapex|196/216\n|-damage|p1a: Alomomola|189/429 tox|[from] item: Rocky Helmet|[of] p2a: Toxapex\n|\n|t:|1778208540\n|switch|p1a: Basculin|Basculin-Blue-Striped, L86, F|175/261 tox|[from] Flip Turn\n|move|p2a: Toxapex|Toxic|p1a: Basculin\n|-fail|p1a: Basculin|tox\n|\n|-heal|p1a: Basculin|261/261 tox|[from] move: Wish|[wisher] Alomomola\n|-damage|p1a: Basculin|245/261 tox|[from] psn\n|upkeep\n|turn|45\n|\n|t:|1778208551\n|switch|p2a: Exeggutor|Exeggutor, L89, M|265/312\n|move|p1a: Basculin|Wave Crash|p2a: Exeggutor\n|-resisted|p2a: Exeggutor\n|-damage|p2a: Exeggutor|150/312\n|-enditem|p2a: Exeggutor|Sitrus Berry|[eat]\n|-heal|p2a: Exeggutor|228/312|[from] item: Sitrus Berry\n|-damage|p1a: Basculin|207/261 tox|[from] Recoil\n|\n|-damage|p1a: Basculin|175/261 tox|[from] psn\n|upkeep\n|turn|46\n|\n|t:|1778208564\n|move|p1a: Basculin|Wave Crash|p2a: Exeggutor\n|-resisted|p2a: Exeggutor\n|-damage|p2a: Exeggutor|111/312\n|-damage|p1a: Basculin|136/261 tox|[from] Recoil\n|move|p2a: Exeggutor|Substitute|p2a: Exeggutor\n|-start|p2a: Exeggutor|Substitute\n|-damage|p2a: Exeggutor|33/312\n|\n|-damage|p1a: Basculin|88/261 tox|[from] psn\n|-item|p2a: Exeggutor|Sitrus Berry|[from] ability: Harvest\n|upkeep\n|-enditem|p2a: Exeggutor|Sitrus Berry|[eat]\n|-heal|p2a: Exeggutor|111/312|[from] item: Sitrus Berry\n|turn|47\n|\n|t:|1778208576\n|switch|p1a: Alomomola|Alomomola, L87, M|332/429 tox\n|move|p2a: Exeggutor|Protect||[still]\n|-fail|p2a: Exeggutor\n|\n|-damage|p1a: Alomomola|306/429 tox|[from] psn\n|upkeep\n|turn|48\n|\n|t:|1778208584\n|move|p1a: Alomomola|Wish|p1a: Alomomola\n|move|p2a: Exeggutor|Leech Seed|p1a: Alomomola\n|-start|p1a: Alomomola|move: Leech Seed\n|\n|-damage|p1a: Alomomola|253/429 tox|[from] Leech Seed|[of] p2a: Exeggutor\n|-heal|p2a: Exeggutor|164/312|[silent]\n|-damage|p1a: Alomomola|201/429 tox|[from] psn\n|-item|p2a: Exeggutor|Sitrus Berry|[from] ability: Harvest\n|upkeep\n|turn|49\n|\n|t:|1778208593\n|switch|p1a: Basculin|Basculin-Blue-Striped, L86, F|88/261 tox\n|move|p2a: Exeggutor|Psychic Noise|p1a: Basculin\n|-damage|p1a: Basculin|0 fnt\n|faint|p1a: Basculin\n|\n|upkeep\n|\n|t:|1778208601\n|switch|p1a: Typhlosion|Typhlosion-Hisui, L83, F, tera:Fire|257/257\n|turn|50\n|-message|AssaultLei forfeited.\n|\n|win|100taka\n|raw|AssaultLei's rating: 2170 &rarr; <strong>2151</strong><br />(-19 for losing)\n|raw|100taka's rating: 2188 &rarr; <strong>2207</strong><br />(+19 for winning)\n",
  "inputlog": ">version d3c0b4cf388ee6ae107ccf7216674edd176762ce\n>start {\"formatid\":\"gen9randombattle\",\"seed\":\"sodium,0c3542e95856f0b37c8eb539f5d6d939\",\"rated\":\"Rated battle\"}\n>player p1 {\"name\":\"AssaultLei\",\"avatar\":\"unknown\",\"rating\":2170,\"seed\":\"sodium,3ddf852a5a9e154d9b7afb5d98f96fed\"}\n>player p2 {\"name\":\"100taka\",\"avatar\":\"265\",\"rating\":2188,\"seed\":\"sodium,2e6881298299dab7444577cae2010453\"}\n>p1 move scald\n>p2 switch 6\n>p1 move protect\n>p2 move toxic\n>p1 move flipturn\n>p2 move toxic\n>p1 switch 3\n>p1 move swordsdance\n>p2 move liquidation\n>p1 switch 4\n>p2 move haze\n>p1 move thunderbolt\n>p2 switch 5\n>p1 move willowisp\n>p2 switch 5\n>p1 move nastyplot\n>p2 move toxic\n>p1 move blizzard\n>p2 switch 5\n>p1 move willowisp\n>p2 move roar\n>p1 switch 3\n>p2 move iciclecrash\n>p1 move flipturn\n>p2 switch 4\n>p1 switch 5\n>p1 move eruption\n>p2 switch 5\n>p1 switch 6\n>p2 move liquidation\n>p1 move willowisp\n>p2 switch 4\n>p1 switch 5\n>p2 switch 4\n>p1 move flipturn\n>p2 move liquidation\n>p1 switch 5\n>p1 move thunderbolt\n>p2 switch 4\n>p1 switch 5\n>p2 move iciclecrash\n>p1 move flipturn\n>p2 switch 4\n>p1 switch 5\n>p1 switch 4\n>p1 move swordsdance\n>p2 move haze\n>p1 move swordsdance\n>p2 move haze\n>p1 move swordsdance\n>p2 move haze\n>p1 move throatchop\n>p2 move haze\n>p1 move swordsdance\n>p2 move haze\n>p1 move swordsdance\n>p2 move haze\n>p1 move throatchop\n>p2 move haze\n>p1 move swordsdance\n>p2 switch 6\n>p1 move ironhead\n>p2 move earthquake\n>p1 move throatchop\n>p2 switch 4\n>p2 switch 2\n>p1 move suckerpunch\n>p2 move uturn\n>p2 switch 6\n>p1 switch 3\n>p1 move dragondance\n>p2 move toxic\n>p1 move earthquake\n>p2 switch 5\n>p1 move dragondance\n>p2 move substitute\n>p1 move ironhead\n>p2 move protect\n>p1 move ironhead\n>p2 move leechseed\n>p1 switch 6\n>p1 move eruption terastallize\n>p2 move protect\n>p1 move eruption\n>p2 switch 3\n>p1 switch 5\n>p2 move dracometeor\n>p1 switch 2\n>p2 switch 5\n>p1 move doubleedge\n>p2 move toxic\n>p1 switch 2\n>p2 move recover\n>p1 move wish\n>p2 move toxic\n>p1 move flipturn\n>p2 move toxic\n>p1 switch 2\n>p1 move wavecrash\n>p2 switch 3\n>p1 move wavecrash\n>p2 move substitute\n>p1 switch 2\n>p2 move protect\n>p1 move wish\n>p2 move leechseed\n>p1 switch 2\n>p2 move psychicnoise\n>p1 switch 5\n>forcelose p1",
  "uploadtime": 1778208606,
  "views": 1,
  "formatid": "gen9randombattle",
  "rating": 2151,
  "private": 0,
  "password": null
}